3010 4846
205 288 251 354 an
532 281 576 370 Q.
605 279 807 351 uonnru
827 279 990 351 runco

231 441 271 504 ts
335 439 395 507 Ad
416 461 509 506 armo
530 433 707 516 cessantia,
731 433 775 502 ad
793 459 907 506 ,armar
1004 477 1012 500 2

400 521 573 601 Concitet,
591 518 845 673 *imperiumque
865 522 1011 619 intingat.

295 607 348 676 Te
370 632 504 700 semper
526 621 631 673 anteit
650 629 772 673 sueva·
805 622 973 688 ecessuas,

295 695 417 762 Claros
438 691 578 760 trabalis
600 706 635 758 et
656 713 781 759 cuneos
802 717 904 758 mauu
946 754 949 764 r

336 777 480 847 Gestans
503 781 606 856 aines
627 799 691 842 neo
712 801 851 844 severus
986 845 991 858 ,

230 867 273 933 20
378 857 494 932 Uncus
517 863 624 953 obest,
647 859 880 952 liquidumque
902 862 1091 960 plumbum.

224 982 228 988 ·
294 949 348 1017 Te
370 947 454 1040 Spes
476 963 510 1016 et
531 949 609 1016 albo
631 971 711 1014 rara
730 945 937 1040 Fidescoht

208 1121 309 1172 Accius
324 1121 353 1172 in
370 1119 494 1238 Epiqono
511 1118 584 1190 apud
601 1115 718 1170 Nonium
736 1116 773 1174 V.
792 1114 905 1190 uulgus:
932 1117 1051 1181 „Nonne
1066 1117 1183 1188 Argiuos
1209 1119 1324 1170 fremere

209 1188 316 1251 bellum,
341 1199 366 1238 et
382 1188 446 1239 vale
462 1190 491 1240 bi
516 1186 621 1255 vulgrsm
647 1185 756 1235 uidet?“
799 1185 873 1236 Tum
895 1195 984 1236 autem
1009 1181 1079 1236 illud
1104 1195 1232 1247 crsauntes
1257 1187 1341 1256 quid'
1380 1213 1418 1228 ==
1492 1187 1493 1194 ’

208 1257 260 1308 sibi
277 1256 357 1320 velit,
376 1257 438 1307 satis
455 1253 550 1306 videor
566 1251 653 1304 intelli
673 1269 734 1305 eres
759 1264 805 1303 aut
822 1253 893 1305 enim
910 1265 1060 1316 morantes,
1078 1252 1214 1304 tardantes
1237 1266 1323 1320 notat,

141 1333 155 1346 “
209 1330 259 1377 sut
274 1326 387 1393 quietos,
405 1334 523 1394 pacatos,
543 1324 598 1374 otio
615 1271 728 1373 deditos.
746 1319 841 1389 Neque
863 1337 927 1371 vero
945 1319 1100 1372 utramlibet
1116 1323 1323 1392 interpretatio-

208 1411 270 1444 nem
296 1409 437 1460 aspernor:
471 1392 563 1442 nescio
597 1400 702 1452 tamen,
736 1406 771 1439 au
796 1389 888 1456 potius
903 1390 1039 1506 scripserit
1061 1389 1166 1452 l‘iotter⁸
1181 1402 1322 1442 currentes.

111 1468 113 1472 '
208 1461 254 1510 Aa
270 1477 344 1509 armo
360 1476 480 1520 cursore,
500 1459 575 1508 utin
591 1473 670 1527 prosa
688 1457 810 1512 oratione
827 1453 916 1510 dicere
932 1467 1036 1520 soent,
1063 1459 1099 1508 ed
1123 1475 1197 1508 arma
1219 1459 1325 1510 discur-

126 1539 128 1550 '
207 1545 271 1582 rere.
305 1527 397 1580 Livius
414 1525 520 1589 XXIV,
539 1525 582 1577 31.
627 1523 721 1588 „Haec
738 1542 797 1573 rum
822 1523 930 1574 recitato
953 1537 1054 1589 essens,
1078 1543 1148 1574 ¹rum
1173 1537 1247 1576 tento
1265 1525 1324 1578 cla-

209 1613 278 1648 more
294 1595 330 1644 ud
355 1611 429 1644 arom
454 1595 600 1642 discursum
624 1603 679 1655 eet,
706 1602 736 1641 ut
753 1593 824 1646 etc.“
856 1590 931 1642 Idem
947 1591 1041 1654 XXV,
1068 1593 1112 1644 37.
1148 1595 1234 1657 „Inue
1250 1613 1325 1672 ueraq

104 1663 129 1724 ¹,
209 1673 310 1732 repente
327 1663 364 1710 cd
379 1661 447 1710 iram
458 1657 540 1723 luctu,
557 1659 698 1709 discurrere
709 1660 746 1710 ad
762 1661 867 1710 enne·“
884 1658 970 1729 quue
986 1659 1098 1710 verbum
1116 1663 1237 1730 apprime
1254 1680 1323 1714 con-

209 1731 283 1782 tenit
307 1715 370 1780 effi
376 1725 496 1796 fremens
513 1739 540 1778 et
556 1715 699 1790 concitis
713 1737 744 1777 ut
769 1725 840 1785 idem
864 1726 936 1778 libro
970 1727 1106 1792 XXXIV,
1138 1731 1181 1783 ³7.
1229 1731 1325 1794 „Heres-

209 1799 276 1847 inter
292 1814 319 1846 se
334 1797 418 1866 primo
428 1795 456 1844 in
472 1794 577 1845 circulis
595 1806 703 1846 suentes
719 1793 851 1861 fremere,
870 1796 962 1846 deinde
975 1793 1012 1847 ad
1022 1813 1095 1848 arma
1112 1797 1196 1846 audito
1214 1795 1323 1848 discur-

208 1866 332 1918 rerunt.“
366 1863 401 1913 Et
418 1861 520 1914 Seneca
537 1861 571 1914 de
588 1863 629 1914 Ira
655 1863 700 1928 111,
723 1865 749 1920 2.
776 1865 870 1928 „Tota
887 1861 1025 1913 multitudo
1048 1865 1325 1932 paucissr'miscrrds'a

209 1934 356 1994 concitata,
387 1931 474 1999 ipsum
499 1934 689 1984 concitatorem
714 1931 870 1983 antecessit:
899 1929 934 1982 ad
960 1949 1033 1983 arma
1056 1933 1176 1999 protinus
1198 1933 1326 2002 ignesque

209 1999 357 2050 discursum
377 2001 449 2048 est.“
475 1995 664 2071 Quamobrem·
681 1993 840 2057 consideres,
858 1996 944 2050 lector
951 2000 1100 2066 ingeniose,
1118 2009 1231 2050 sntotus
1248 1999 1324 2052 locus
1343 2029 1347 2035 =

209 2068 247 2119 sic
265 2063 467 2118 constituendus
484 2067 533 2117 sit:
550 2095 585 2106 —
610 2085 680 2131 „neu
700 2065 811 2134 populus
828 2065 944 2118 fremens
968 2069 1013 2116 Ad
1038 2085 1112 2118 arma
1129 2079 1263 2120 cursantes
1288 2071 1326 2120 nd

209 2153 285 2185 orum
310 2133 438 2197 Concitet,
463 2131 643 2204 imperiumque
656 2131 811 2202 frangat·“
855 2131 913 2185 Sed
934 2133 1071 2204 proiecto,
1106 2137 1162 2186 sire
1187 2135 1323 2204 vulgatam

208 2203 353 2254 lectionem
370 2203 503 2269 aequeris,
521 2203 576 2252 sire
593 2211 712 2253 nostram
729 2203 927 2267 coniecturam
945 2213 1017 2254 totus
1043 2203 1146 2254 interea
1174 2201 1251 2254 locus
1275 2222 1324 2255 re-

209 2269 381 2342 prehensioni
400 2267 533 2320 obnoxius
550 2280 599 2322 ast.
628 2265 689 2340 ‘Qui
707 2271 779 2320 enim
795 2268 836 2322 illi
854 2280 930 2333 sunt,
958 2287 1026 2338 quos
1043 2267 1324 2344 populQ,·'selfre-

209 2357 309 2406 queres,
341 2335 385 2391 tel
399 2334 537 2406 fremens,
564 2335 600 2388 ad
625 2354 697 2387 arma
724 2338 840 2388 concitet
867 2337 911 2388 rcl
934 2333 1076 2402 cessantes,
1103 2337 1146 2390 vel
1168 2339 1323 2390 cursantes?
1364 2342 1367 2351 '

209 2404 357 2475 An‘aliqui
375 2415 466 2467 mant,
492 2422 560 2474 quos
582 2403 701 2476 populus
735 2406 898 2468 concitaret,
919 2415 1032 2475 praeter
1054 2407 1144 2474 ipsum
1168 2405 1324 2478 populum?

210 2473 255 2524 An
272 2489 396 2542 proceres
414 2472 491 2536 vult,
509 2483 537 2524 et
554 2472 632 2524 aulae
657 2470 812 2541 ministros?
830 2471 973 2540 intelligo:
999 2471 1091 2524 sedin
1118 2475 1183 2543 ipsis
1208 2477 1324 2527 auctoris

210 2540 297 2594 verbis
315 2539 384 2590 nihil
401 2537 489 2606 rideo,
509 2539 581 2609 quod
600 2557 632 2591 eo
644 2557 692 2591 nos
706 2537 796 2594 ducet.
831 2537 921 2612 Quare
942 2549 990 2590 eut
1010 2541 1090 2592 altius
1102 2539 1168 2594 latet
1184 2541 1325 2608 mendum,

211 2619 258 2661 aut
274 2626 323 2678 per
339 2625 382 2659 me
400 2606 510 2678 quidem
528 2606 574 2658 alii
592 2609 734 2659 Horatium
750 2607 795 2660 hic
812 2619 955 2671 excusent,
980 2611 1026 2676 qui
1043 2608 1131 2659 velint
1148 2621 1195 2660 aut
1212 2612 1324 2680 possint.

279 2677 321 2727 17.
342 2667 378 2724 Te
394 2693 490 2744 semper
506 2677 586 2726 antris
604 2694 683 2725 saeuo
707 2676 860 2743 necessitas]
885 2675 976 2728 Editio
1000 2677 1105 2728 Veneta
1131 2675 1207 2732 1478.
1239 2697 1324 2744 servu,
1384 2689 1400 2696 ‘

141 2769 148 2780 ·
210 2739 537 2804 Losclnariautem1498.
556 2761 653 2792 sowa:
678 2754 705 2794 et
723 2761 756 2794 ex
772 2761 803 2796 eo
822 2743 942 2814 ternpore
958 2761 1007 2814 pro
1025 2743 1130 2796 diterso
1149 2748 1325 2814 interpretum

210 2812 312 2864 iudicio
329 2828 401 2868 nunc
418 2809 492 2875 laneo,
511 2827 583 2862 nunc
600 2809 648 2862 illa
665 2827 719 2861 vox
736 2809 818 2862 libros
835 2813 986 2881 occupavit.
1021 2811 1196 2874 Membrauas
1214 2831 1324 2882 quoque

140 2879 144 2884 “
210 2878 362 2932 indiverso
379 2877 498 2930 abeunt:
523 2875 636 2946 Cruquii
654 2878 760 2946 aliquot
777 2882 896 2930 omniurn
915 2880 1069 2930 veterrimus
1093 2898 1154 2938 oum
1170 2879 1278 2932 Acrone
1296 2892 1326 2933 et

210 2949 398 3032 Porpbprione
416 2965 490 2998 serua
511 2945 628 2997 babent:
653 2951 687 2998 cx
704 2948 799 2997 nostris
817 2961 907 2998 omnes
924 2945 1040 2998 melioris
1057 2953 1146 3014 notae,
1172 2947 1249 3000 Leld.
1267 2949 1324 3000 lle·-

230 3017 266 3068 ‘n.
293 3019 394 3070 braer.
412 3011 521 3082 Zulipb.
536 3015 605 3068 Batt.
624 3013 695 3063 Patr.
709 3011 788 3078 Gale,
806 3024 834 3064 et
851 3031 866 3064 s
882 3015 1058 3082 primurnanu
1065 3015 1202 3082 Reg.Soc.
1228 3035 1325 3068 saeuas

211 3033 316 3134 dluabus
348 3094 453 3150 tontum
485 3100 519 3134 ex
543 3079 736 3146 recentioribus
767 3080 801 3131 ab
822 3081 903 3131 altera
928 3079 1044 3134 lectione
1068 3081 1209 3136 stantibus.
1254 3083 1325 3137 Sane

213 3149 298 3202 facilis
314 3161 369 3201 erat
385 3149 504 3201 librariis
519 3151 615 3202 ernstio
632 3150 661 3198 in
677 3145 788 3199 vocibus
811 3159 866 3198 tam
885 3151 955 3200 inter
981 3166 1010 3201 se
1026 3148 1174 3202 similibus:
1201 3149 1273 3203 unde
1297 3163 1325 3204 et

213 3235 292 3288 supra
312 3207 400 3270 Germ.
420 3217 440 3280 l,
460 3215 502 3269 16.
519 3235 639 3282 -„,uec
650 3235 719 3266 mure
732 3213 903 3285 naufragum,
921 3213 978 3266 Noc
994 3236 1086 3268 sucum
1104 3219 1206 3288 r'gns'ff‘
1223 3221 1252 3271 ln
1269 3221 1327 3274 lle-r

231 3287 314 3336 iuensi
333 3303 347 3335 a
365 3287 451 3355 prima
469 3304 549 3336 manu
567 3296 624 3337 erat
649 3301 737 3333 servus
755 3283 835 3352 igns's.
871 3285 1041 3353 Utro-igitur
1062 3283 1146 3337 lectio
1169 3286 1325 3357 sequenda?

212 3305 353 3418 lrolccto,
370 3355 424 3403 nisi
450 3350 557 3404 codices
571 3351 765 3414 turbavissent,
792 3349 861 3401 nibil
879 3351 974 3403 melius
1011 3369 1073 3403 uam
1090 3371 1171 3422 acque
1188 3357 1326 3406 ret-rasim

213 3417 437 3472 desideraremus:
461 3421 499 3471 sic
522 3421 594 3470 eninr
616 3416 709 3470 eadem
735 3421 815 3480 duro,
843 3420 915 3481 dire,
929 3437 1003 3468 =orsr
1023 3437 1056 3482 u,
1083 3419 1175 3488 δεινὴ,
1201 3419 1325 3494 κρατερὴ,

213 3489 323 3555 σχετλία
357 3499 408 3540 etc·
426 3487 543 3538 dicitur:
563 3488 716 3556 optimeque
732 3485 766 3556 id
780 3485 917 3556 epitheton
932 3505 993 3538 cuna
1010 3489 1184 3557 sequentibus
1201 3488 1325 3560 quadrat,

140 3591 146 3598 -
190 3563 192 3570 ’
215 3557 261 3606 ubi
280 3555 394 3608 clavier
418 3557 496 3606 cunei
522 3565 549 3606 et
573 3571 657 3604 uncus
682 3555 711 3604 in
740 3551 824 3604 ebena
848 3557 905 3606 eius
927 3573 1007 3605 manu
1034 3568 1177 3624 gestantur.
1221 3558 1326 3610 Tamen

215 3635 242 3674 et
258 3621 327 3672 illud
344 3641 419 3674 serve
435 3621 560 3690 argutula
575 3622 695 3691 positum
719 3619 859 3686 rideatur3
886 3624 988 3694 quippe
1019 3623 1220 3676 licetomnium
1236 3643 1327 3678 rerum

214 3691 319 3741 domino
335 3702 360 3740 et
376 3692 467 3759 regino
483 3691 518 3741 sit
534 3691 690 3752 necessitas,
716 3688 775 3758 ipsa
792 3699 883 3742 temen
904 3688 955 3740 sibi
978 3709 1053 3740 seruo
1078 3703 1133 3756 est3
1158 3690 1228 3742 nibil
1255 3695 1327 3744 enim

214 3758 299 3814 libere
316 3769 363 3808 aut
377 3757 529 3810 voluntarie
546 3760 610 3825 agit.
645 3755 700 3808 Nec
716 3767 806 3808 tamen
828 3755 928 3810 idcirco
945 3756 1014 3808 banc
1029 3757 1173 3810 lectionem
1189 3757 1326 3829 probare·-

215 3829 280 3878 rim:
298 3828 353 3878 imo
371 3843 451 3887 vero,
469 3827 492 3876 si
509 3843 585 3876 seruc
601 3824 713 3893 legeris,
739 3825 797 3893 ipsa
823 3825 951 3876 orationis
968 3835 1102 3876 structura
1124 3826 1257 3896 postulet,
1285 3837 1324 3889 nt,

216 3911 270 3946 non
287 3895 356 3958 sibi,
375 3891 424 3944 sed
442 3891 574 3943 Fortunae
590 3909 693 3944 servam
717 3909 777 3943 eam
801 3895 955 3946 constituas.
999 3889 1053 3994 qui
1077 3904 1166 3944 autam
1190 3897 1324 3958 convenit,

217 3973 247 4012 ut
263 3963 421 4024 necessitas,
475 3977 507 4008 ce
524 3958 590 4010 nulli
606 3971 697 4026 peret,
723 3976 798 4010 serra
822 3962 857 4012 sit
884 3957 1019 4012 torennae.
1057 3959 1118 4012 Huc
1141 3959 1227 4026 adde,
1252 3959 1326 4030 quod

104 4021 107 4030 '
179 4085 184 4100 ι
216 4047 307 4081 senae
324 4029 421 4080 arrtcire
456 4029 558 4078 ominas
574 4044 629 4077 non
653 4025 785 4078 solebant.
825 4029 909 4080 Erant
933 4025 1043 4095 quidem
1071 4029 1141 4080 serri
1164 4041 1191 4079 st
1216 4027 1326 4080 clientes

216 4095 389 4167 pauperculi,
408 4097 457 4166 qui
474 4093 547 4164 quod
565 4105 627 4144 ante
644 4093 765 4146 dominos
782 4094 949 4146 ambularent
972 4093 1158 4165 populumque
1179 4094 1326 4148 submove-

216 4175 277 4218 rent
307 4162 343 4216 de
366 4166 419 4228 ria,
442 4160 665 4218 anteambulonea‘,
682 4159 747 4214 dicti
768 4173 848 4214 sunt:
874 4159 988 4214 ancillas
1013 4179 1094 4227 vero,
1119 4163 1171 4216 nisi
1195 4163 1291 4228 fallor,
1310 4185 1328 4220 ι

217 4243 290 4300 tergo
307 4249 379 4302 pona
395 4229 591 4302 sequebantur,
607 4247 696 4300 nsque
713 4228 962 4283 anteambulatrices
979 4242 1065 4296 erant,
1082 4229 1130 4285 aed
1153 4229 1325 4302 pedisequas,
