3008 4844
206 329 247 380 ιι
404 269 407 276 ’
476 255 979 386 ·raaarsr1a

207 509 378 605 Formam
405 531 493 585 vero
519 519 556 580 et
585 489 795 579 institutum
821 500 944 605 operis
971 501 1026 576 sic
1053 495 1149 578 mihi
1174 497 1328 596 delinivi

206 623 446 726 terminisque
464 621 525 696 his
542 619 831 722 circumscripsi3
856 633 899 694 ut
924 623 967 693 ea
993 619 1071 694 sola
1097 619 1327 718 attingerem,
1362 623 1364 628 ’
1474 689 1475 696 ,

208 769 303 845 quae
329 741 377 816 ad
404 743 596 816 sanitatem
623 739 943 840 sinceritatemque
970 737 1140 811 lectionis
1165 737 1329 839 pertine-

207 875 312 956 rent,
339 873 460 934 cetera
478 859 545 933 illa
562 859 763 960 pluraque,
790 881 884 957 quae
904 853 953 928 ad
971 855 1175 930 Historiam
1194 869 1230 928 et
1244 849 1331 928 Mo-

160 1005 166 1014 ’
208 1005 267 1054 res
293 979 464 1080 antiquos
490 975 666 1077 grandem
688 973 793 1049 illam
820 959 1175 1048 Commentariorum
1199 972 1333 1045 silvam

169 1095 172 1100 ’
209 1111 248 1172 et
288 1101 576 1171 instrumentum
612 1103 842 1197 spectarent,
892 1116 1043 1194 prorsus
1079 1090 1331 1192 praeterirem.
1388 1183 1394 1192 ἱ

209 1215 280 1290 Per
298 1239 357 1288 me
377 1213 527 1314 quidem
546 1209 701 1310 eruditis
729 1209 838 1305 viris,
856 1210 938 1308 qui
962 1210 1003 1282 in
1027 1207 1094 1281 illo
1123 1207 1241 1282 stadio
1263 1206 1332 1280 de-

211 1345 433 1425 currerunt,
451 1355 537 1402 suus
555 1323 673 1404 honos
698 1327 820 1402 salvus
846 1341 943 1401 esto:
981 1325 1217 1400 utilissimam
1243 1351 1333 1398 sane

212 1465 362 1551 operam
390 1433 588 1534 natarunt3
601 1453 606 1463 ’
621 1469 736 1545 quae,
769 1441 842 1519 nisi
861 1443 909 1518 ab
928 1443 1005 1518 illis
1025 1454 1202 1545 occupata
1221 1441 1332 1537 foret,

58 1661 62 1668 Ι
212 1567 288 1641 iam
307 1587 405 1638 nunc
424 1565 627 1637 necessario
647 1555 890 1664 impendenda
909 1561 1227 1664 essetdeintegro;
1253 1561 1334 1634 sine

176 1723 181 1739 =
213 1709 288 1785 qua
306 1681 450 1756 aditum
467 1681 540 1754 tibi
557 1695 683 1784 patere
709 1677 758 1755 ad
781 1667 876 1754 haec
897 1679 1031 1754 Nostra
1049 1679 1186 1754 frustra
1205 1704 1335 1782 spera-

213 1799 348 1879 veris!
375 1799 437 1874 Sic
463 1799 562 1873 enim
589 1825 627 1872 se
651 1823 710 1874 res
738 1795 868 1890 habet:
903 1793 1039 1872 diffusa
1069 1797 1143 1872 illa*
1159 1797 1270 1872 lectio
1296 1810 1336 1870 et

213 1915 394 2012 eruditio,
429 1917 634 2017 veterisque
662 1913 904 1997 totiusLatii
929 1929 966 1990 et
994 1915 1170 2010 Graeciae
1188 1915 1334 2010 notitia,

214 2059 310 2136 quae
337 2035 378 2108 ιιι
406 2033 473 2108 illa
501 2033 710 2108 studiorum
735 2036 889 2106 materie
914 2049 1034 2110 totum
1059 2033 1267 2128 constituit,
1292 2031 1337 2108 in

215 2150 287 2228 hac
306 2151 440 2226 Nostra
458 2151 575 2254 partis
593 2150 774 2224 duntaxat
791 2150 939 2232 infimae
954 2167 991 2225 et
1006 2152 1200 2226 initiorum
1218 2152 1338 2256 appa-

216 2259 390 2372 ratusque
417 2269 543 2344 locum
572 2268 723 2344 obtinet.
774 2264 908 2344 Onmia
937 2269 1077 2370 quippe
1101 2267 1176 2348 tihi
1199 2269 1270 2344 ista
1295 2269 1339 2344 in
1392 2339 1401 2346 .

207 2401 407 2472 numerato
427 2412 504 2462 esse
518 2385 623 2490 prius
643 2399 799 2488 oportet,
826 2385 1000 2488 quamde
1019 2387 1150 2487 quovis
1168 2387 1339 2490 Scripto-

140 2567 144 2574 .
217 2530 258 2581 re
276 2505 354 2580 sine
372 2504 662 2580 dementissimae
681 2503 897 2580 temeritatis
917 2517 1003 2580 nota
1020 2528 1211 2580 censuram
1227 2529 1337 2606 agere

218 2620 374 2697 audeas:
400 2635 455 2696 est
474 2634 512 2695 et
528 2621 674 2722 peracri
692 2621 843 2724 insuper
862 2621 1001 2696 iudicio
1023 2645 1167 2725 opus3
1157 2637 1211 2696 est
1229 2647 1338 2724 saga·
1342 2693 1347 2702 .

209 2739 330 2824 'citate
348 2752 386 2814 et
373 2733 603 2848 ἀγχινοίᾳ·
588 2794 600 2830 ,
629 2752 695 2833 est,
719 2753 763 2812 ut
781 2737 827 2812 de
845 2736 1059 2814 Aristarcho
1079 2741 1169 2814 olim
1187 2739 1339 2842 praedi

30 2843 89 2941 sa
92 2843 192 2934 astas
219 2855 377 2954 cabant,
412 2855 605 2930 divinandi
624 2853 785 2958 quadam
802 2856 937 2959 peritia
962 2871 999 2932 et
1019 2863 1218 2963 μαιτικῇτ
1241 2883 1339 2959 quae

33 2983 73 3016 “¹²
52 2945 201 3114 gqssfffl'
220 2975 333 3049 nulla
348 2971 546 3048 laborandi
569 2973 776 3076 pertinacia
803 2975 944 3048 vitaeve
970 2974 1240 3094 longinquitate
1272 2999 1346 3050 ae-.
1391 2993 1397 3002 ·

166 3143 172 3162 ,
220 3093 322 3194 quim
311 3093 510 3194 possunt,
534 3091 601 3166 sed
620 3105 773 3166 naturae
791 3093 904 3166 solius
923 3117 1073 3166 munere
1093 3091 1340 3194 nascendique

221 3209 405 3285 felicitate
414 3209 658 3310 contingunt.
693 3209 782 3284 lude
798 3223 869 3304 est,
897 3209 1019 3310 quod,
1046 3237 1145 3292 cum
1150 3211 1191 3286 in
1207 3211 1339 3287 ceteris

221 3325 428 3428 disciplinis
436 3325 785 3401 eventuslahorilsus
800 3311 967 3426 vo'tisque
986 3309 1223 3445 respondeam
1248 3354 1339 3404 con-

184 3439 311 3520 ”tra
299 3470 340 3518 m
356 3439 430 3518 hac
450 3443 603 3518 Critices
621 3443 825 3544 palaestra,
858 3471 907 3518 ex
925 3458 1002 3519 tam
1023 3448 1171 3544 multis,
1204 3445 1347 3548 quili-.

221 3559 303 3638 luis
328 3559 569 3680 studiisque
556 3577 820 3652 msenescentes
845 3573 913 3664 pe'r
936 3563 1121 3666 integram
1134 3567 1249 3640 vitam
1266 3560 1341 3638 hoc

223 3704 356 3752 saxum
369 3669 584 3771 volverunt,
611 3677 830 3780 exstiterunt
856 3679 993 3782 oppido
1011 3684 1144 3784 pauci,
1170 3680 1238 3782 qui
1255 3707 1341 3782 spe-

224 3811 346 3870 ratum
372 3794 448 3870 sibi
475 3792 575 3896 apud
599 3809 763 3896 posteros
791 3823 924 3872 nomen
950 3799 1113 3873 nancisci
1133 3799 1339 3874 valuerunt.

167 3959 174 3978 ι
223 3909 272 3988 Ει
289 3927 429 4008 tamen,
458 3917 502 3986 lte
518 3911 558 3986 id
580 3911 675 3986 forte
695 3915 833 3988 nescias
844 3971 855 4009 ‚
875 3915 983 4016 longe
1001 3903 1183 4018 longeque
1202 3915 1340 3992 diffici-

225 4029 298 4106 lius
314 4045 367 4135 est
385 4027 515 4124 hodie,
553 4053 665 4128 quarn
683 4031 934 4132 superioribus
963 4047 1041 4132 erat
1061 4037 1183 4130 annis,
1217 4061 1341 4108 emen-

227 4149 392 4227 dationes
419 4145 659 4220 conscribere.
711 4149 770 4238 lta¹
790 4151 912 4223 omnia
934 4151 1018 4246 illa,
1051 4177 1146 4252 quae
1172 4180 1218 4227 ex
1247 4148 1341 4228 scri-
