3008 4844
208 227 337 362 ,2²¹
577 281 620 368 e.
644 281 1030 353 rroun'rurrnccr
1113 343 1116 363 ,

294 439 315 502 b
336 435 471 504 Evilata
491 434 596 518 rotis,
618 439 796 528 palmaque
817 434 943 505 nobilis

337 521 704 612 Terrarumhdominos
727 523 875 614 evall-ere
897 523 941 588 ad
961 521 1071 590 Deos:

454 613 457 628 Ι
553 627 580 679 τ’.
598 619 626 680 6.
660 625 743 694 Vulg.
768 625 871 676 Erebis
1299 625 1462 722 Μάνης
1485 655 1486 706 q

250 725 304 777 lins
321 723 441 794 Scaliger
456 718 758 796 Ianusquellutgersius
782 737 854 778 recte
879 723 1133 782 animadverterunt.
1163 725 1231 780 ,Sed
1256 725 1381 782 {cetrae

251 797 305 845 iam
322 794 432 845 alteram
447 796 530 846 mavis
546 795 779 856 constructionem,
798 795 871 844 iuvat
888 795 970 856 lunc,
996 797 1017 844 si
1035 793 1179 852 honoratus
1204 807 1257 860 est3
1292 799 1367 847 iuvat

251 861 338 926 illum,
372 863 395 912 si
421 847 505 912 divesi
548 861 628 912 Recte
650 879 730 914 sane:
756 862 808 912 nisi
829 873 931 929 retaret
954 861 1006 913 lrcc
1023 862 1155 914 emendati
1171 865 1297 914 sermonis
1318 864 1365 918 lex
1401 874 1405 887 “

251 941 279 981 et
295 927 469 981 consuetudo.
505 925 574 982 Cum
592 930 663 980 eninr
679 929 779 996 integra
797 933 941 992 sententia,
965 927 1102 998 palmaque
1118 929 1211 999 nobilis
1230 933 1366 982 Terrarum

150 999 152 1004 ’
250 999 367 1048 dorm'uor
384 997 466 1046 ruebit
482 999 518 1046 ad
533 997 612 1059 Deos,
630 999 700 1047 inter
715 995 796 1048 verbs
812 999 863 1048 ista
876 999 1044 1060 interveniat,
1061 1016 1125 1048 num
1146 1017 1208 1048 uam
1224 999 1287 1048 ullis
1303 1017 1364 1050 ma·
1388 1007 1394 1019 '

194 1059 206 1123 ¹,
251 1065 337 1116 clunis
353 1061 470 1128 cilicias,
497 1075 527 1114 ut
543 1061 573 1116 rb
599 1067 672 1114 irruet
693 1081 742 1134 per
766 1069 912 1116 sententiae
936 1063 1011 1116 istim
1036 1017 1209 1134 intercilium
1239 1065 1273 1116 ad
1299 1067 1366 1117 luur-

251 1150 336 1202 usque
360 1135 411 1182 rite
431 1131 568 1183 transduci
591 1135 683 1201 possit.
726 1133 816 1183 Restat
835 1135 922 1196 tertia,
949 1134 1036 1200 (quae
1061 1133 1192 1200 liutger-sii
1211 1137 1365 1186 coniectura

210 1245 214 1250 .
251 1212 324 1266 erat3
343 1211 378 1251 ,et
392 1198 487 1252 itidem
509 1201 590 1249 banci
613 1200 736 1264 licntani,
762 1212 886 1251 narrante
911 1197 1100 1269 etpiaudcnte
1116 1213 1212 1268 magno
1230 1202 1364 1254 Gatalsero

207 1315 208 1322 ,
249 1261 369 1322 Aduers-⁴
388 1267 479 1318 Postu.
504 1285 528 1320 c.
545 1265 642 1331 XVI.)
664 1278 708 1339 ¹ut,
731 1265 902 1318 distinctione
918 1270 1061 1323 constitute
1075 1279 1136 1337 post
1174 1267 1243 1319 aaut
1261 1269 1362 1332 nobilia,

197 1343 199 1350 ’
249 1335 333 1385 evehit
350 1332 384 1385 ad
400 1336 540 1403 sequentia
554 1333 694 1388 referatur.
734 1333 828 1384 Eratis
844 1336 880 1384 ml
896 1337 965 1384 Deos
983 1335 1067 1399 lunc,
1091 1337 1113 1386 si
1130 1289 1244 1386 hiberes
1267 1355 1364 1388 conse-

250 1405 359 1474 quitur:
385 1403 408 1452 si
425 1403 539 1464 divitias,
553 1401 647 1452 altum.
687 1399 741 1453 Sed
758 1402 866 1454 ethaeo
883 1403 1054 1464 constructio,
1073 1401 1209 1472 prioribus
1226 1403 1290 1454 licet
1308 1405 1364 1455 illis

250 1472 388 1542 aliquanto
406 1467 585 1532 cornnrodicr,·
597 1487 652 1520 non
663 1487 721 1520 ,uno
738 1471 847 1521 nourine
861 1469 994 1540 displicet.
1030 1467 1118 1541 Quam
1133 1473 1279 1522 violentum
1292 1475 1363 1525 eninr

249 1551 276 1591 et
292 1549 431 1600 coactum,
450 1534 581 1606 ut'polmo
599 1536 741 1587 divellatur
754 1537 791 1596 ab
803 1538 904 1608 spelit,
924 1557 983 1590 curn
1000 1537 1058 1606 ipsa
1075 1538 1201 1588 orationis
1218 1541 1298 1590 series
1315 1557 1363 1590 ar·-

249 1608 348 1658 tissime
366 1623 398 1656 ea
414 1601 569 1656 connectat!
606 1601 691 1674 Quum
709 1605 830 1655 ieiunum
846 1623 927 1676 porro
943 1618 970 1672 et
985 1603 1092 1655 aridum
1116 1607 1243 1676 omnique
1257 1606 1363 1658 Venere

248 1673 410 1743 spoliatum,
434 1665 523 1741 ,istm
545 1671 655 1736 nobiles,
682 1671 733 1722 nisi
748 1671 798 1724 reli
819 1692 853 1724 ua
867 1670 1050 1724 subiuureris!
1094 1671 1166 1724 lllud
1190 1673 1272 1724 evelrit
1309 1693 1362 1726 uc-

249 1759 313 1808 que,
331 1751 361 1790 ut
377 1739 452 1810 verbi
468 1741 655 1809 impersonalis
669 1739 713 1792 bic
728 1741 788 1792 rice
800 1692 939 1809 iungatur,
963 1742 1023 1810 quis
1038 1743 1172 1810 patienter
1189 1727 1277 1800 ierat?
1329 1761 1362 1794 e-

248 1809 332 1876 nique
349 1806 420 1858 unde
436 1807 530 1858 datum
545 1809 642 1870 sumis,
661 1820 700 1871 ut,
718 1810 765 1877 qni
781 1827 906 1878 magnam
920 1809 975 1860 rim
992 1807 1119 1860 frumenti
1134 1811 1165 1860 in
1185 1809 1287 1860 horreis
1308 1813 1369 1860 suis¹

247 1875 434 1938 occultaverit,
467 1876 594 1926 continuo
619 1893 650 1926 ea
673 1875 708 1928 de
725 1893 815 1928 caussa
833 1878 869 1926 ad
884 1878 954 1927 Deos
971 1875 1125 1927 inenarrata
1142 1875 1215 1934 erebi
1237 1875 1362 1929 dicatur?
1396 1888 1399 1897 '

185 1998 188 2007 ¹
244 1941 328 2005 Haud
345 1941 511 1995 credideram
527 1953 582 1993 tarn
599 1941 707 1994 facilem
728 1947 817 1994 tritam
840 1963 873 1995 ue
897 1943 978 1994 fuisse
1004 1941 1038 1994 ad
1055 1940 1173 2014 Superos
1196 1945 1277 1997 viam.
1313 1947 1360 1994 Iu—

247 2009 359 2079 dignutu
375 2028 453 2074 vero,
472 2009 493 2059 si
510 2013 639 2080 triparcos
655 2009 718 2062 illos
738 1963 893 2076 Umrm'dr'or‚
911 2011 1049 2079 Fufidius,
1076 2013 1220 2075 Stoberr'cs,
1246 2012 1362 2081 Opimr'or

247 2091 275 2130 ct
291 2079 433 2127 immundos
451 2077 548 2128 Nmtns
573 2081 627 2128 iam
644 2079 739 2130 Noster
763 2091 875 2147 propter
900 2083 957 2130 auri
981 2091 1007 2130 et
1024 2079 1151 2130 frumenti
1169 2097 1275 2134 acervos
1292 2081 1362 2130 inter

246 2147 316 2196 Deos
333 2145 376 2196 bic
394 2143 524 2210 collocet,
559 2164 626 2215 quos
651 2148 680 2196 in
697 2145 790 2196 Satiris
815 2149 862 2198 rix
879 2145 1007 2196 bominum
1024 2146 1084 2199 loco
1102 2159 1149 2197 aut
1164 2165 1277 2200 numero
1294 2165 1361 2200 cen-

245 2223 335 2264 suerat
350 2211 497 2269 habendos.
532 2213 701 2282 Numquam,
727 2211 904 2278 mihicrede,
930 2215 968 2265 sic
984 2214 1096 2266 Flaccus
1113 2213 1240 2284 desipuit.
1282 2216 1322 2266 At
1338 2218 1360 2266 si

245 2280 294 2331 illa
311 2283 348 2334 sic
366 2281 518 2349 conjungis,
537 2291 567 2330 ut
581 2281 670 2348 pairac
687 2279 780 2330 nobilis
797 2283 833 2330 ml
848 2281 919 2331 Deos
935 2281 1036 2346 evehat,
1054 2285 1108 2332 iarn
1124 2295 1197 2334 reete
1215 2284 1265 2334 erit
1283 2297 1309 2336 et
1326 2281 1361 2334 de

244 2367 334 2412 more,
352 2359 398 2414 ut,
417 2351 463 2418 qui
482 2346 564 2420 Olym
575 2351 612 2399 ria
630 2351 756 2412 vicerint,
773 2347 833 2399 Diis
852 2359 1049 2418 comparentur.
1073 2349 1169 2400 Noster
1186 2349 1252 2401 alibi
1271 2349 1359 2404 Carsu.

244 2417 292 2468 lv.
311 2420 337 2471 2.
373 2417 455 2482 „Sive
472 2434 537 2486 ques
553 2368 619 2468 lilea
645 2413 747 2466 damiam
771 2417 868 2468 reducit
892 2417 986 2468 Palma
1003 2417 1161 2472 caelestes.·'·'
1191 2417 1292 2480 ,Cicero
1310 2438 1360 2490 pro

243 2484 342 2536 Flacco
359 2503 382 2538 e.
402 2485 443 2536 13.
480 2485 586 2548 „Homo
604 2483 696 2534 nobilis
712 2485 816 2543 Atinas,
832 2483 911 2554 pugil
929 2483 1129 2554 Olympionices:
1165 2483 1268 2539 horest
1290 2489 1361 2558 apud

247 2553 359 2602 Graecos
372 2570 451 2620 prope
467 2552 550 2601 rrroins
568 2563 592 2602 ct
606 2551 763 2621 gloriosius,
782 2569 859 2620 quam
874 2554 975 2604 Rcmo'e
992 2553 1191 2620 trr'rrmplessc.“
1209 2553 1294 2605 Vides
1311 2553 1360 2604 bos

243 2623 356 2670 victores
373 2619 457 2690 pluris
475 2617 549 2688 apud
565 2619 680 2670 Graecos
696 2617 773 2684 lieri,
814 2639 896 2688 quam
917 2621 1016 2672 Romae
1039 2619 1260 2691 triumphatores,
1304 2622 1360 2671 laur

242 2704 323 2751 uero,
371 2687 514 2737 ui-llomae
531 2686 747 2756 triurnphabant,
775 2705 836 2737 cum
853 2687 912 2738 Diis
930 2689 1171 2758 comparabantur,
1206 2701 1236 2739 ut
1260 2691 1359 2740 iterum

240 2753 339 2807 Noster
350 2707 441 2834 lipist
461 2755 482 2818 l,
501 2753 543 2808 17.
572 2757 647 2818 „lies
667 2773 755 2824 gerere
771 2765 795 2804 et
812 2767 903 2824 captor
918 2755 1058 2808 ostendere
1075 2755 1179 2808 civibus
1197 2755 1281 2806 hostes
1305 2759 1359 2806 Ar-

240 2822 324 2892 ting‘it
341 2821 433 2872 salsum
449 2823 520 2871 Iovis
538 2832 565 2872 et
582 2821 706 2872 caelestia
723 2827 836 2872 τειιιιι1.·’ι
854 2823 925 2890 Ergo
943 2837 990 2874 aut
1006 2826 1107 2876 maiore
1125 2836 1171 2874 aut
1187 2827 1246 2893 pari
1264 2823 1359 2874 saltem

241 2893 302 2942 iure
320 2887 525 2960 Olympionicac
542 2885 577 2938 ad
593 2887 666 2940 Deos
683 2887 813 2940 erehcndi
831 2903 916 2946 erant.
953 2888 1025 2962 Quin
1047 2891 1088 2942 illi
1112 2889 1185 2962 apud
1207 2891 1358 2947 Lucienum

192 3011 196 3030 ,
241 2961 272 3010 in
287 2957 436 3009 Arraclrarsi
460 2956 540 3026 plane
556 2957 717 3009 ΙΣΟΘΕΟῙ
738 2957 934 3026 Diirueqmrles
957 2958 1147 3028 perhibentur:
1182 2977 1306 3026 unusque
1324 2977 1359 3010 ex

242 3029 275 3078 iis
292 3027 362 3076 Phili
384 3043 433 3096 pus
456 3035 516 3094 post
539 3023 660 3088 obitum,
690 3024 758 3076 alter
775 3025 942 3094 liuthymus,
977 3029 1056 3076 etiam
1080 3028 1155 3076 virus
1178 3028 1356 3096 sentiensque,

241 3093 346 3146 divinos
363 3045 475 3144 lioncres
493 3105 649 3144 consecutus
666 3103 720 3156 est;
754 3095 791 3142 uti
809 3106 899 3144 narrat
917 3093 1081 3154 licrcdotus,
1108 3092 1225 3156 Plinius,
1245 3094 1356 3164 aliique,

241 3163 278 3213 Ut
314 3159 408 3213 roinde
425 3159 502 3210 nullo
519 3159 599 3212 modo
617 3157 745 3212 audiendi
762 3162 814 3210 sint
831 3161 983 3230 liutgersius
1001 3161 1151 3230 ceterique,
1170 3177 1258 3230 neque
1276 3162 1358 3212 curiit

241 3229 278 3280 od
322 3249 364 3280 ecs
382 3228 435 3280 alio
452 3225 638 3292 referendum,
657 3245 738 3297 quant
756 3225 789 3278 ud
807 3227 924 3296 palmam
942 3227 1140 3298 Olympiacam.
1185 3227 1258 3302 Quid
1275 3231 1357 3298 igitur

240 3295 308 3348 fiet?
341 3297 484 3348 Enimvero
502 3298 665 3346 correctione
682 3293 756 3347 locus
773 3294 905 3348 iurandus
923 3305 976 3360 cst,
1017 3299 1173 3366 priusquam
1191 3297 1275 3356 tillem
1294 3295 1357 3346 iude

240 3367 298 3416 sani
317 3364 412 3416 coloris
428 3365 587 3415 sententiam
604 3361 748 3418 extuderis.
783 3363 852 3414 Eum
875 3363 912 3413 sic
931 3381 946 3413 a
963 3368 1041 3431 pc'e'ta
1065 3365 1217 3434 proiectum
1235 3383 1289 3416 csse
1307 3379 1356 3432 pru

209 3458 214 3469 ·
241 3443 315 3484 certo
331 3432 453 3502 polliceri
471 3433 570 3480 ausim:
608 3429 696 3494 „Sunt
719 3449 785 3498 quos
802 3429 927 3480 crustulo
942 3429 1070 3500 pulverem
1089 3431 1245 3502 Olympicum
1273 3429 1355 3482 Cotu-

239 3502 313 3570 gr'sse
328 3503 417 3564 iuvat,
444 3509 557 3564 nutuque
565 3495 685 3567 fervidis
708 3499 816 3548 Eor'tala
842 3499 921 3562 rotis,
944 3497 1036 3566 palma
1055 3521 1085 3550 ue
1108 3500 1201 3563 stabilis
1222 3499 1355 3548 Terrarum

241 3569 357 3618 dominos
375 3563 475 3616 corbem
491 3565 527 3614 orl
543 3565 630 3614 Deos:
665 3565 757 3629 Hunc,
777 3567 800 3614 si
818 3564 947 3615 nrclu'lium
963 3597 994 3605 -
1018 3519 1108 3630 lidum,
1127 3569 1151 3618 si
1166 3567 1290 3634 proprio·‘
1306 3575 1354 3614 etc.

240 3635 294 3686 Ubi
312 3631 378 3687 crdo
396 3645 422 3686 et
438 3633 569 3684 sententia
587 3633 640 3690 ests:
658 3631 786 3698 Diversa,
805 3649 820 3686 o
838 3631 990 3698 Maecenas,
1009 3646 1071 3686 sunt
1087 3633 1224 3684 homiuum
1247 3629 1335 3682 studia
1344 3653 1353 3704 ‚¹

241 3715 395 3772 suut-quos
420 3703 495 3750 irruet
517 3697 605 3769 pulum
622 3697 703 3770 Olym
726 3701 798 3765 iace,
835 3719 904 3770 quae
928 3701 1026 3758 nobilis
1043 3715 1081 3754 est
1099 3701 1141 3752 vel
1158 3699 1192 3750 ad
1209 3699 1280 3750 Deos
1298 3701 1353 3749 inr-

206 3789 208 3794 ’
241 3771 365 3824 nrortales
382 3771 509 3819 victorem
527 3765 648 3821 crebere.
683 3719 865 3832 discimus,
890 3770 911 3819 si
929 3769 1042 3821 bonores
1059 3770 1244 3836 consequitur-3
1271 3765 1353 3832 illum,

240 3839 403 3902 sidivitias:
436 3834 568 3903 agricolae
594 3853 657 3884 num
680 3853 741 3886 uem
758 3839 934 3906 persuaseris,
961 3849 990 3888 ut
1015 3847 1144 3887 mercator
1169 3831 1231 3898 fiat,
1266 3855 1354 3906 neque

180 3943 193 3956 ι
239 3897 330 3958 rursirls
355 3903 505 3967 utereturi,
533 3915 562 3954 ut
580 3921 641 3954 rure
659 3853 752 3972 ilegat3
771 3906 885 3971 est-qui
901 3907 983 3956 ritarn
1007 3903 1187 3971 voluptariam
1216 3907 1353 3972 sequitur;

241 3975 332 4026 multos
349 3974 445 4024 militia
464 3974 553 4035 iuvat,
587 3973 711 4038 quasdam
727 3973 847 4022 venatio:
875 3991 928 4035 me,
947 3975 968 4021 si
986 3987 1083 4021 nomen
1100 3980 1126 4020 et
1143 3969 1240 4030 lamam
1259 3977 1353 4040 poi-'tae

239 4029 322 4114 lyrici
338 4043 455 4095 nancisci
473 4035 590 4108 possum.
626 4039 683 4091 lloc
700 4042 781 4090 totius
798 4041 924 4090 orationis
941 4035 1032 4091 iilum,
1051 4036 1117 4089 haec
1138 4041 1261 4090 carminis
1279 4058 1353 4090 urens

242 4123 295 4176 ειη
313 4109 347 4160 de
364 4107 496 4174 findam,
524 4117 554 4158 ut
570 4103 882 4168 sirleturfidumbrata,
910 4107 985 4155 euius
1002 4105 1069 4157 haec
1086 4118 1191 4157 exstent
1209 4103 1282 4176 apud
1299 4105 1352 4157 Se-

123 4181 206 4242 ‚d
239 4192 317 4231 xturn
332 4175 497 4246 Empiricurn
513 4173 610 4243 Pyrrh.
628 4173 673 4243 Hy
695 4185 730 4228 ot.
749 4193 776 4244 p.
796 4173 847 4228 18.¹
859 4165 1064 4236 ‚Lelmnum
1075 4177 1130 4244 μέν
1146 4191 1221 4249 Q·
1237 4115 1395 4294 trissant-fc

207 4288 210 4297 .
240 4247 347 4300 Neeorr
363 4245 458 4298 ἳππων
474 4245 552 4312 τιμαὶ
568 4243 615 4292 καὶ
632 4193 739 4312 oribus
773 4261 780 4276 ·
819 4241 890 4302 Τοὺς
913 4237 943 4292 d'
964 4239 995 4294 ἐν
1011 4236 1194 4316 πολυχρύσοις
1216 4235 1354 4314 θαλάμοις

754 4337 766 4441 l

1397 4085 1480 4220 ts

1383 4245 1472 4366 u,

687 4488 693 4496 ·
759 4437 989 4588 ‘'tetlse
1130 4595 1144 4612 ¹.
1218 4536 1222 4548 .
