3026 4842
460 391 466 404 .
501 330 747 406 ettennon
766 331 853 404 ΗΒ,
876 333 937 408 ΙΙΙ.
951 335 1016 404 te.
1225 331 1288 400 tet

254 489 362 560 Simul
382 506 501 559 unetos
524 489 700 558 Tiberinis
719 491 881 558 humeros
902 485 986 556 lauit
1006 485 1043 554 in
1064 486 1165 554 undis

189 571 192 579 ’
296 577 406 666 Eques
428 574 505 668 ipso
528 575 650 644 melior
670 575 955 668 Bellerophonte,
978 597 1087 664 neque
1107 597 1232 666 pugno·

294 663 412 752 Neque
430 660 529 752 segni
550 660 637 752 pede
658 660 788 727 vienus:
1193 719 1195 730 ,

191 748 234 814 10
254 746 356 816 Catus
376 745 469 814 idem
489 769 553 838 per
575 761 730 838 apertum
750 742 910 836 fugientis
932 741 1058 836 agitato

166 971 259 1038 risque
277 964 432 1018 obstruebat
449 982 496 1019 os:
522 975 550 1018 et
568 979 599 1018 eo
616 967 626 1016 i
647 982 675 1017 so
693 963 800 1017 nomine
816 963 929 1037 pulchre
948 962 1030 1018 dictio
1047 961 1203 1028 uidebatur,
1221 967 1286 1034 qnia
1310 939 1319 959 ’

166 1037 294 1089 Horatius
319 1037 357 1087 sie
382 1035 457 1104 loqui
482 1033 589 1088 roluit,
642 1046 722 1084 tuan
739 1035 832 1086 obtusa
849 1037 913 1086 adeo
928 1035 1069 1100 gestabant
1083 1044 1189 1102 pectora
1205 1049 1293 1100 saga-¹

99 1121 101 1130 ¹
167 1106 267 1156 cissimi
286 1105 336 1153 siri
354 1103 512 1153 Torrentius
531 1113 556 1153 et
572 1101 644 1154 Tan.
663 1100 765 1166 Faber,
792 1105 858 1170 quin
883 1095 968 1152 libere
986 1111 1012 1153 et
1021 1099 1143 1152 ‚fidenter
1159 1099 1286 1152 clamita-

167 1171 252 1235 bant,
280 1172 335 1220 sine
360 1167 475 1238 exempla
501 1171 643 1219 et,vitiase
669 1169 781 1219 toruum
805 1189 859 1218 esse
884 1170 1044 1234 Horatium,
1069 1169 1207 1236 pessimum
1225 1186 1288 1228 ¹ense

166 1238 238 1301 Ituna
262 1251 287 1287 et
310 1238 530 1307 corruptissimam
547 1231 721 1288 eaeoielinm:
747 1237 817 1288 nitor
832 1237 913 1288 Hebri
928 1239 1040 1305 equitis,
1067 1253 1122 1286 non
1145 1255 1222 1303 eques
1239 1233 1286 1284 di·-

167 1317 242 1359 etnnr
260 1306 416 1375 oportuisse.
442 1305 525 1356 Recte
542 1303 583 1354 illi
602 1314 629 1356 et
645 1319 725 1356 rere:
741 1305 793 1356 nisi
811 1303 884 1373 quod
921 1322 951 1356 ro
969 1303 1017 1356 illo
1033 1303 1189 1354 tenebriono
1206 1307 1285 1373 poete
1380 1331 1388 1341 -

166 1371 316 1444 vapulavit.
351 1372 446 1442 Neque
468 1382 557 1422 tamen
580 1371 608 1421 hi
626 1372 677 1442 ipsi
696 1370 731 1423 ob
749 1369 881 1441 prolatam
897 1323 983 1424 litim
1000 1371 1158 1427 sententiam
1175 1372 1213 1424 sie
1229 1373 1285 1444 in,-

167 1459 239 1505 pune
257 1440 390 1494 abierunt.
418 1434 503 1490 'Ecce
526 1441 613 1502 enirn,
642 1438 687 1508 qui
707 1457 750 1490 eos
767 1443 795 1490 in
812 1441 852 1490 ias
870 1450 963 1506 vocet,
991 1451 1017 1490 et
1034 1433 1107 1492 salio
1122 1439 1287 1508 pudenda-

166 1512 252 1559 ierare
267 1509 369 1574 possit,
397 1507 447 1556 boc
465 1505 521 1556 loeo
539 1505 644 1575 Equitis
662 1505 871 1574 uitiosumsore.
906 1505 971 1556 Ain'
994 1525 1075 1570 tero,
1102 1509 1143 1557 vir
1160 1504 1285 1558 doctissi-
1312 1529 1314 1534 ·

168 1573 235 1628 me?
259 1574 349 1639 Vide,
367 1585 467 1644 quiante
485 1575 619 1643 opinionis
636 1574 675 1624 ris
692 1571 746 1625 est!
770 1574 843 1624 Dum
860 1573 895 1624 ab
913 1575 1015 1625 Horatii
1033 1573 1153 1644 partibus
1170 1583 1240 1626 stare
1257 1590 1286 1626 se

114 1669 126 1692 a
168 1642 273 1706 credit,
300 1661 331 1694 es
347 1641 442 1693 laudat
459 1653 486 1692 et
502 1639 641 1704 defendit,
668 1657 736 1710 qtrae
762 1641 864 1720 alioqui
881 1659 932 1712 pro
949 1659 1051 1692 summa
1068 1659 1115 1692 sua
1134 1639 1286 1693 eruditioris

168 1709 340 1780 cumprimis
357 1705 545 1764 damnavisset.
580 1707 659 1758 Nitor
674 1709 760 1758 Hebri,
776 1711 868 1776 equitis
886 1711 1008 1772 ritiosusn
1027 1709 1070 1760 bic
1087 1707 1177 1760 foret?
1212 1705 1286 1778 Quid

167 1769 242 1830 illud
260 1779 341 1846 firgo,
368 1775 458 1830 Carsu.
477 1777 505 1840 l,
535 1773 576 1828 19.
612 1777 695 1839 „Urit
719 1795 757 1825 me
773 1775 905 1846 Glycerae
931 1779 1002 1828 nitor
1018 1776 1189 1846 Splendentis
1204 1777 1284 1840 Pario

167 1865 294 1896 rummare
309 1845 453 1912 purius?“
486 1843 532 1894 Aa
550 1845 646 1894 vitiose
671 1841 710 1894 ibi
726 1843 833 1894 locatus
851 1855 889 1894 est
906 1844 1018 1908 Noster,
1046 1847 1109 1912 quia
1126 1844 1285 1912 splendentis

167 1914 258 1977 dixit,
276 1931 331 1964 nan
348 1911 506 1980 splendetis?
526 1907 599 1982 Quin
616 1913 706 1980 potius
722 1913 744 1968 is
762 1909 836 1962 locus
853 1923 1010 1979 argumento
1029 1923 1067 1962 est
1077 1948 1084 1974 ,
1104 1912 1209 1963 lunatos
1228 1929 1284 1964 esse

166 1981 277 2044 versus3
304 1983 371 2050 quip
393 1997 407 2030 e
430 1979 525 2047 equitis
551 1978 596 2030 bie
621 1978 730 2030 dhisset
747 1979 890 2042 Horatius,
917 1991 947 2030 ut
971 1977 1009 2030 ibi
1028 1999 1040 2028 s
1059 1979 1205 2047 laedentis,
1230 1968 1306 2030 sect*

134 2095 138 2104 ,
189 2059 306 2100 resterea
332 2051 357 2098 ri
379 2066 410 2110 e,
437 2057 468 2096 ut
491 2065 524 2096 ex
547 2062 601 2097 uno
627 2043 742 2097 absurdo
768 2045 844 2098 aliud
868 2057 1011 2116 sequatur„
1065 2065 1097 2098 oe
1122 2049 1193 2098 enim
1218 2045 1285 2098 dicit

165 2068 286 2168 {erratas
304 2117 446 2167 Horatius:
464 2113 585 2173 Hebrum
601 2133 616 2163 e
634 2107 682 2177 uni
699 2131 800 2184 pugno,
818 2115 899 2182 pede,
917 2117 973 2166 sive
991 2114 1183 2184 campestribus
1201 2133 1283 2168 ener-

166 2185 258 2247 citiis,
284 2183 409 2234 invictum
425 2201 495 2244 esse,
524 2133 631 2257 „Simul

167 2251 273 2314 idest,
299 2262 393 2319 postea
418 2267 498 2317 quam
522 2247 596 2299 lauit.
631 2247 716 2318 Atqui
739 2249 791 2300 boa
807 2249 888 2320 plane
906 2263 945 2300 est
962 2243 1019 2300 airu
1037 2247 1181 2319 ποταμῶν.
1215 2246 1284 2300 Nam

166 2317 285 2390 primiras
311 2316 472 2368 exercebant
489 2333 516 2367 se
533 2318 562 2366 in
580 2315 682 2385 Campo
699 2317 799 2368 Martio
809 2351 818 2380 ,
838 2327 942 2367 ettam
967 2328 1057 2387 postea
1079 2319 1108 2367 in
1126 2315 1219 2368 Tiberi
1237 2315 1284 2368 le-

167 2385 319 2437 vabantur:
346 2395 378 2434 ut
393 2395 499 2454 praeter
516 2383 583 2434 alios
601 2383 727 2452 Vegetius
744 2393 852 2448 narrat,
880 2386 912 2447 1,
939 2386 965 2437 3.
1001 2384 1144 2447 „Sudorem
1166 2403 1242 2434 cursu
1259 2396 1286 2434 et

167 2471 226 2504 cam
245 2455 307 2502 estri
332 2453 455 2502 exercitio
481 2450 613 2502 collectum
638 2453 726 2502 nando
753 2453 872 2502 iuuentus
898 2449 1017 2502 abiecisti
1040 2453 1068 2500 in
1094 2453 1229 2504 Tiberir“
1257 2463 1286 2502 et

166 2473 272 2584 ibithitn
284 2522 331 2578 „10-
358 2520 495 2584 „Romani
521 2530 614 2568 ueteres
634 2520 756 2586 Campum
772 2519 903 2570 Martium
928 2519 1042 2568 uicinum
1066 2519 1151 2568 Tiberi
1175 2517 1284 2588 ‹lelege-

167 2600 249 2649 runt‚·
276 2589 304 2636 in
330 2607 381 2655 quo
408 2589 529 2636 iuuentus
551 2597 613 2654 pust
637 2587 786 2636 exercitium
811 2601 941 2644 vasorum
965 2587 1083 2636 sudorem
1105 2585 1286 2654 pulveremque

644 2193 735 2230 unctos
754 2183 881 2232 Tiberinis
898 2182 1012 2232 humeros
1031 2182 1097 2234 lauit
1114 2185 1140 2230 in
1159 2183 1286 2238 undis:“
1362 2218 1364 2227 ·

98 2667 104 2678 “
166 2655 292 2718 dilueret,
317 2673 349 2706 nc
367 2653 545 2704 lassitudinem
562 2673 654 2704 eureus
672 2655 784 2704 natandi
801 2651 888 2704 labore
904 2656 1068 2722 deponeret.“
1104 2652 1284 2734 Quantoigi-
1338 2661 1340 2666 “
1387 2645 1390 2654 ⁴

153 2735 215 2775 -tur
240 2721 334 2773 melius
359 2740 436 2784 verus
461 2721 603 2784 Horatius,
631 2723 678 2789 qui
701 2718 842 2772 Neobulen
865 2721 1015 2791 perculsam
1040 2739 1096 2774 esse
1112 2720 1188 2772 velicit
1204 2722 1286 2772 Hebri

167 2793 269 2854 nitore,
295 2789 375 2840 simul
398 2807 429 2842 an
451 2785 500 2840 ille
524 2790 707 2858 equitatione,
733 2788 874 2858 pugilatu,
902 2800 928 2840 et
946 2807 1025 2842 eursu
1041 2788 1123 2840 lassus
1141 2792 1169 2840 in
1188 2789 1284 2840 Tiberi

166 2877 196 2910 se
215 2857 317 2922 abluit,
345 2868 372 2908 et
387 2855 451 2909 inde
469 2855 577 2907 domum
602 2854 708 2906 rediens
726 2873 753 2906 se
771 2855 805 2906 ab
823 2857 952 2908 exercitio
976 2856 1118 2908 rubentem
1135 2867 1161 2908 et
1177 2875 1284 2908 roseum

167 2922 269 2996 puellis
285 2923 426 2976 visendum
463 2923 577 2978 ruebait.
639 2941 717 2988 uere,
736 2935 782 2974 aut
799 2923 878 2974 raltle
896 2922 995 2988 fallor,
1020 2934 1067 2974 aut
1084 2919 1283 2992 genuinns'de-

165 3011 241 3044 murn
258 3009 382 3044 versuum
399 3009 415 3043 o
449 3011 483 3056 0,
510 3009 590 3061 quem
606 2989 626 3040 li
648 2992 670 3040 ri
688 3008 779 3046 omnes
796 3009 850 3043 uno
868 3009 997 3043 consensu
1010 3002 1140 3054 tuentur,
1151 3033 1155 3052 ,
1167 2990 1284 3044 editori-

165 3051 325 3114 bns'Flaeci
342 3062 371 3114 in
388 3072 524 3128 posterum
540 3057 667 3129 placebit.
860 3107 864 3114 ,
1013 3049 1017 3064 ’
1110 3095 1114 3102 -

236 3129 279 3183 10.
300 3128 380 3189 Catus
397 3129 464 3176 idem
479 3145 524 3194 per
540 3125 668 3194 apertum]
705 3127 784 3176 Catus
809 3124 861 3205 bpe
885 3125 947 3178 locu
971 3123 1200 3178 babentvcodices
1217 3127 1284 3177 nni-

167 3197 257 3247 versi:
283 3191 330 3247 ted
352 3206 382 3244 tu
408 3205 491 3246 totam
516 3193 663 3246 clausulam
680 3193 877 3263 contemplare,
905 3190 1009 3257 „Caius
1025 3193 1093 3244 idem
1107 3213 1153 3261 per
1169 3207 1286 3262 opertum

155 3262 302 3334 sapientes
328 3263 429 3331 agitato
451 3261 533 3330 Grege
558 3279 645 3312 ceruos
670 3261 801 3324 iaculari,
828 3273 852 3310 et
869 3260 941 3317 celet
957 3259 1011 3311 alto
1030 3259 1175 3312 latitantem
1192 3263 1284 3314 t'run'-

166 3343 222 3381 esto
248 3331 365 3398 excipere
387 3331 510 3398 aprum.“
548 3331 645 3392 Catus,
671 3329 777 3444 anllit'
804 3327 932 3391 iaculari,
961 3340 987 3380 et
1004 3329 1068 3378 celer
1085 3331 1210 3397 excipere.
1245 3330 1286 3382 At
1316 3369 1319 3377 ,

166 3400 269 3450 emicas
288 3395 397 3468 quidam
414 3415 506 3460 meus,
532 3398 575 3447 vir
590 3398 687 3466 insigni
725 3396 844 3458 ostrina,
871 3399 962 3466 potius
988 3399 1045 3448 rice
1067 3415 1142 3448 versa
1159 3397 1286 3448 Nostrum

165 3469 301 3536 scripsisse
319 3476 459 3533 autumet,
482 3461 582 3528 „Celer
606 3466 672 3514 idem
689 3474 867 3531 perlapertrem
882 3494 917 3504 -
935 3460 1017 3515 Catus
1033 3462 1086 3514 alto
1105 3461 1284 3520 latitantem.“

166 3533 258 3598 „Nam
277 3531 414 3583 celeritatis
432 3535 502 3594 est‚“
520 3534 617 3600 inquit,
638 3531 793 3598 „fugientes
811 3547 901 3585 cervos
910 3531 999 3582 iaculo
1008 3534 1153 3602 consequi:
1170 3533 1285 3585 catilia-

166 3603 248 3652 minis
265 3612 304 3654 est
322 3603 446 3669 excipere
464 3617 557 3669 apuam
574 3599 757 3650 latitantem·“
775 3597 868 3667 Atque
885 3597 936 3650 boe
954 3597 1063 3668 quidem
1079 3599 1160 3651 valde
1176 3604 1285 3670 specio·
1367 3611 1370 3618 ’

166 3687 225 3720 snm
244 3685 299 3746 esse
317 3665 418 3730 fateor,
445 3677 472 3719 et
498 3669 584 3736 prinae
609 3665 696 3721 boote
723 3667 788 3717 mire
814 3665 957 3721 eblandiri.
993 3665 1049 3726 sed,
1064 3666 1201 3719 rideamus
1218 3667 1286 3736 quid

165 3739 202 3786 sit
219 3755 253 3786 ex
295 3748 335 3784 ere
351 3754 367 3784 n
386 3753 451 3788 rum.
479 3732 588 3787 Curtius
604 3733 676 3797 Vlll,
694 3734 721 3786 2.
740 3733 824 3796 „Cum
840 3733 883 3784 leo
900 3735 1089 3804 magnitudinis
1105 3741 1183 3785 rarae
1200 3737 1286 3804 r'psum

165 3805 306 3853 invasurus
333 3813 488 3867 incurreret,
505 3800 598 3869 seram
621 3819 673 3852 nan
699 3802 805 3870 excepit
829 3803 922 3866 morlo,
950 3804 994 3852 secl
1017 3804 1095 3851 auiam
1112 3821 1163 3852 uuo
1182 3803 1286 3854 vulnere
1337 3860 1342 3874 ι

164 3873 295 3922 oceidit.“
331 3867 615 3942 Quintilianualnstit.
634 3864 725 3933 tv,'2.
753 3871 923 3933 „Pnstorem,
949 3871 1018 3986 pund
1035 3871 1057 3918 ia
1076 3887 1188 3939 aprum,
1212 3887 1286 3939 quaem

164 3939 218 4007 ipsi
234 3937 335 3990 marteri
352 3935 497 4000 obtulerat,
523 3946 665 4004 exceptum
690 3955 744 3985 esse
766 3955 784 3986 a
801 3935 977 3988 se'renabu'o
994 3935 1131 4004 confessus
1149 3951 1230 4002 esset,
1258 3941 1286 3988 in

164 4025 265 4057 erucem
282 4003 419 4057 sustulit.“
455 4005 554 4055 Seneca
573 4001 758 4066 delra152.
784 4005 887 4070 „Atqui
903 4015 927 4070 ‘i
944 4007 1080 4054 venientes
1097 4003 1166 4056 ieras
1184 4007 1285 4076 excipit

165 4086 294 4128 uenator,
322 4081 346 4121 et
355 4069 494 4141 fugientes
510 4073 704 4138 persequitur.“
739 4069 895 4140 Spartianus
919 4073 947 4121 iis
965 4067 1122 4123 Caracallo:
1151 4073 1286 4144 „Excepit

152 4160 245 4224 ,apros
255 4137 433 4209 frequentem
454 4151 543 4190 cantra
560 4137 657 4189 leonem
673 4139 752 4190 etiam
769 4140 872 4191 stetit.“
906 4137 1002 4189 lterum
1020 4137 1139 4206 Seneca,
1165 4139 1198 4194 de
1216 4142 1285 4193 l'ro-
1360 4161 1362 4168 ¹

162 4209 289 4261 ridentia
308 4225 368 4288 esp.
387 4209 413 4258 2.
441 4207 493 4272 „Si
509 4205 657 4256 adolescens
675 4205 821 4256 constantis
838 4205 920 4256 animi
936 4207 1081 4258 irruentum
1098 4205 1181 4270 ieram
1199 4226 1286 4260 rerin-

164 4277 233 4330 bulo
253 4286 382 4346 excepit,
400 4275 424 4324 si
441 4273 523 4326 kanis
538 4275 672 4326 incursum
688 4275 822 4326 interritus
835 4272 976 4342 pertulit-‘⁴
998 4272 1081 4324 Vides
1098 4276 1162 4338 iam,
1180 4278 1286 4345 opinor,
