3010 4846
410 271 413 277 ’
446 344 457 362 -
489 315 734 386 ennianum
754 314 842 386 ms.
865 316 907 384 11.
931 303 987 392 17
1188 321 1253 384 aas

220 471 372 544 Abstulit
393 473 523 538 clarum
543 469 611 538 cita
630 493 723 538 mors
743 467 932 539 Achillem:
960 486 964 494 '

153 559 200 625 30
221 559 339 648 Longa
360 555 551 625 Tithonum
571 554 693 622 minuit
713 571 886 624 senectus:

221 643 265 711 Et
284 641 527 722 mihiforsan,
548 639 614 707 tibi
634 639 727 732 quod
747 641 891 731 negarit,

363 726 522 817 Porriget
542 726 640 794 hora.
763 779 769 786 .

219 812 273 881 Te
294 836 414 912 greges
436 827 588 889 eentum,
611 807 744 878 Siculae
832 809 962 880 circum

219 898 537 988 Mugrnntvaccae3
558 895 624 963 tibi
643 894 734 962 tollit
783 895 790 909 '
843 893 926 964 ‘tum

151 983 197 1048 35
219 984 313 1076 Apta
334 981 508 1076 quadrigis
531 1005 637 1071 equa3
658 995 692 1046 te
713 979 767 1046 bis
787 979 880 1049 Afro

361 1065 491 1136 Murice
512 1064 637 1132 tinctae

219 1151 378 1220 Vestiunt
399 1153 513 1218 lanae:
536 1149 621 1216 mihi
642 1173 748 1240 parva
769 1173 866 1230 ntra,
889 1163 924 1216 et

218 1235 384 1330 Spiritum
405 1235 529 1304 Graiae
550 1249 686 1302 tenuem
708 1233 874 1302 Camenae
1010 1307 1013 1316 ,

217 1322 324 1390 Parca
344 1343 416 1390 non
435 1321 585 1388 mendax
607 1319 718 1402 dedit,
740 1335 775 1387 et
795 1319 979 1410 malignum

152 1407 198 1476 40
358 1404 529 1500 Spernere
550 1407 681 1500 volgus.

617 1560 762 1647 xin.

164 1783 169 1790 .
241 1779 243 1784 ,
337 1675 433 1782 ln
493 1693 1039 1782 ΜΑΕΟΕΝΑΤΕΜ.

216 1844 286 1926 Gur
306 1869 361 1912 me
382 1842 530 1937 querelis
553 1843 726 1910 exanimas
747 1842 840 1909 tuis?

215 1932 286 1999 Nec
307 1931 370 1996 Dis
392 1929 537 1996 amicum
559 1944 628 2009 est,
650 1951 714 1994 nec
735 1927 838 2010 mihi,
860 1943 896 1995 te
916 1927 1012 2020 prius
1101 1963 1108 1972 ·

259 2013 386 2096 Obi're,
409 2015 604 2095 Maecenas,
628 2037 780 2081 mearum

327 2099 465 2168 Grande
487 2099 589 2166 decus
612 2100 834 2190 columenque
854 2117 980 2166 rerum.

171 2191 195 2254 b
215 2183 294 2269 Ah,
315 2200 350 2252 te
370 2209 467 2252 meae
487 2183 517 2250 si
538 2198 670 2286 partem
692 2182 824 2250 animae
844 2182 937 2276 rapit

214 2269 383 2338 Maturior
403 2269 474 2352 vis,
492 2269 581 2360 qu1d
601 2291 721 2335 moror
741 2271 858 2347 altera,

257 2355 328 2422 Nec
352 2377 448 2421 carus
471 2379 509 2420 ae
534 2377 593 2434 ne,
616 2375 680 2418 nec
701 2367 872 2444 superstes

325 2439 484 2530 Integer?
510 2438 517 2454 '
546 2463 565 2506 e
587 2437 660 2512 dics
681 2452 794 2504 utram
840 2461 860 2504 e

215 2525 328 2592 Ducat
348 2525 502 2592 ruinam:
524 2546 596 2591 non
616 2545 681 2622 ego
702 2521 789 2612 perfi
814 2545 873 2587 um

154 2611 196 2678 10
216 2610 303 2679 Dixi
323 2624 584 2678 sacramentum:
607 2606 750 2688 ibimus,
772 2605 909 2689 ibimus,

257 2693 448 2785 Utcumque
469 2693 670 2786 praecedes,
698 2690 894 2782 supremum

326 2778 475 2872 Carpere
495 2779 562 2846 iter
583 2775 723 2846 comites
745 2775 867 2868 parati.

129 2985 285 3056 Cogitemus
301 2985 399 3056 igitur,
418 3003 508 3038 ennon
525 2980 601 3036 aliud
617 2980 730 3033 re'rbum
745 2979 844 3047 lateat,
863 2979 937 3100 quod
954 2991 980 3034 et
996 2962 1121 3052 receptae
1136 2981 1248 3036 lectioni

834 3069 866 3100 en

130 3066 158 3108 et
175 3055 347 3125 metaphorae
364 3051 543 3123 respondeat:
577 3069 666 3120 neque
683 3049 731 3100 diu
749 3069 833 3120 quaer
889 3068 934 3100 nm
956 3061 1030 3116 erat3
1065 3051 1168 3132 quippe
1186 3069 1248 3102 ecce

128 3123 199 3186 tibi,
215 3149 251 3162 -·-
268 3133 311 3186 „ea
330 3139 421 3172 amara
437 3121 493 3174 leni
513 3120 643 3186 Temperet
659 3119 748 3172 risu.“
781 3117 850 3168 Nam
865 3118 952 3188 princi
973 3117 1015 3180 io,
1042 3115 1096 3169 lene
1118 3137 1147 3168 m
1163 3136 1248 3189 sapo-

126 3191 205 3242 ribus
222 3191 369 3260 opponitur
385 3207 490 3258 aspero,
515 3199 636 3249 austero,
662 3185 736 3236 arrii
768 3195 799 3234 ut
816 3182 928 3239 Terent.
973 3196 1080 3239 santon.
1100 3185 1144 3250 lll,
1164 3187 1189 3241 1.
1212 3211 1249 3226 ··-

129 3276 294 3328 „acperum,
312 3259 407 3325 Pater,
431 3255 481 3306 boe
496 3266 552 3317 esu
579 3252 653 3304 alind
668 3251 755 3304 lenius
773 3253 847 3302 sodes
873 3245 963 3300 vide.“
997 3251 1104 3306 Deinde
1130 3265 1155 3306 et
1182 3252 1249 3303 lenia

128 3327 210 3388 ricus,
228 3327 381 3404 aptissime:
400 3335 431 3374 ut
441 3319 535 3376 Cicero
552 3323 582 3372 in
600 3319 692 3374 Somn.
712 3318 786 3388 Scip.
806 3319 880 3382 „Hic
896 3316 994 3370 leniter
1010 3318 1130 3372 arridens
1148 3321 1246 3389 Scipio,
1359 3350 1362 3361 ι

132 3395 249 3460 Quaero,
267 3393 371 3460 inquit,
390 3411 422 3445 ne
438 3411 476 3442 me
494 3409 581 3440 scanno
599 3389 749 3439 excitetie.“
784 3387 819 3436 Et
833 3397 967 3456 postremo
986 3386 1069 3456 lenis,
1089 3387 1169 3506 Ἧι,
1189 3389 1247 3462 ioe-

129 3459 319 3514 annetiennes
352 3457 496 3512 rebenime
514 3475 529 3508 a
545 3455 663 3508 librariis
689 3451 818 3520 conlundi
844 3453 948 3506 solent:
983 3465 1045 3506 ute
1070 3475 1085 3506 u
1148 3467 1248 3508 ostrum
1284 3483 1286 3490 ⁴

129 3515 222 3582 Dum.
240 3515 285 3592 lll,
305 3513 348 3582 lD
383 3525 484 3592 „Lenis
501 3525 606 3575 incedas
623 3525 788 3590 abeasque:“
807 3517 978 3576 Colbua'nua
997 3519 1036 3574 Co
1057 3541 1090 3574 ex
1108 3542 1156 3593 pro
1173 3527 1249 3575 varia
1348 3557 1350 3562 ·

127 3595 261 3660 lectione,
281 3597 387 3646 haus.
408 3592 496 3646 Cum.
513 3593 534 3654 l,
553 3589 594 3642 18.
614 3577 699 3656 „Non
716 3589 781 3642 laris
798 3589 918 3654 Euius&
943 3587 1038 3642 Codex
1056 3591 1150 3644 Noster
1165 3591 1254 3660 negt-1

127 3665 236 3782 usit:
262 3661 361 3782 aar
375 3657 463 3780 Ἥ·
482 3659 532 3780 a
549 3657 878 3796 arcessit
993 3655 1247 3778 allisum

128 3797 233 3849 branae
250 3749 466 3876 aliqudll’ierii,
501 3765 593 3846 dans.
624 3761 705 3848 Ov'id.
731 3793 817 3863 Epist.
844 3743 956 3844 abbatii
982 3745 1087 3862 nyl20,
1124 3795 1249 3862 „Quique

128 3865 218 3936 subqat
235 3866 301 3914 nives
319 3864 405 3916 laetus
423 3865 450 3914 in
469 3881 511 3914 ore
528 3863 642 3914 nabor:“
680 3859 729 3912 leri
752 3877 784 3914 ue
800 3859 841 3910 ibi
858 3862 968 3940 scripti,
995 3859 1076 3928 lenis,
1106 3859 1137 3912 u't
1161 3873 1247 3913 testa-

129 3945 175 3984 tur
191 3933 253 3986 Nic.
271 3933 404 3984 Heinsius·
424 3929 504 3984 ovid.
523 3929 635 3983 Metam.
654 3881 714 3992 ibt,
732 3879 776 3982 32·
820 3928 886 3993 „Sic
903 3947 956 3978 sam
973 3927 1061 3980 lentus
1079 3944 1169 3992 amor,
1196 3930 1250 3978 iem

129 3999 264 4068 quenulae
302 4019 343 4050 ere
357 4003 498 4068 putores:“
517 3997 607 4068 plures
625 3995 663 4046 ibi
683 3995 764 4060 lenis,
789 4005 816 4048 et
831 4013 915 4060 unus,
943 3995 1035 4058 hetae.
1071 3993 1172 4068 Quidni
1191 3999 1249 4048 ita-

130 4087 183 4138 que
208 4078 236 4120 et
261 4017 306 4118 iii:
337 4068 438 4136 pariter
463 4084 551 4118 errare
575 4073 700 4136 poterant
718 4063 789 4114 oculi
812 4081 938 4116 manusve
964 4059 1158 4115 librariorum?
1193 4061 1247 4114 Sed

130 4145 272 4205 praeterea
288 4133 355 4184 milri
373 4135 490 4204 suspicio
509 4144 562 4196 est,
590 4129 678 4182 adhuc
695 4131 771 4200 peius
788 4129 833 4182 hic
851 4125 993 4211 p'rassatam
1010 4149 1065 4182 esse
1082 4129 1177 4182 borum
1194 4131 1249 4182 ho-

129 4207 233 4254 minum
251 4200 402 4264 audaciam.
437 4200 508 4254 'vide
526 4202 614 4264 enim,
642 4210 677 4248 an
693 4214 747 4248 non
764 4200 821 4249 reri
838 4209 872 4249 sat
888 4197 1002 4249 similius
1019 4200 1057 4249 sio
1073 4208 1160 4248 toturn
1177 4199 1250 4251 bunc

127 4269 219 4326 boum
236 4267 274 4321 ab
290 4269 404 4321 Horatio
420 4265 571 4339 profectum
588 4283 658 4319 este:
677 4265 796 4335 „Laetus
813 4263 841 4314 iri
855 4283 977 4336 praesens
994 4265 1092 4334 animi,
1113 4268 1188 4339 ¹qued
1206 4260 1249 4326 al-
