3010 4846
231 274 303 386 'uc
569 311 611 400 o.
635 309 835 380 nonarn
854 309 1018 382 runco
1140 405 1146 416 Ι

192 459 209 488 ”
259 472 301 538 25
323 466 492 549 Tardavit
513 469 599 550 alas3
621 489 698 534 cum
718 467 863 558 populus
883 463 1043 556 frequens

323 552 467 621 Laetum
487 550 628 620 theatris
649 567 704 619 ter
724 548 856 642 crepuit
876 573 1022 617 ιιοιιιιιιιτΥ

365 639 422 706 Me
443 653 581 704 truncus
601 636 750 714 inlabens
772 635 916 724 cerebro

434 719 636 802 Sustulerat,
659 719 727 786 nisi
747 721 880 787 Faunus
901 719 1008 788 ictum

323 807 459 876 Dextra
478 811 642 890 levasset,
664 803 918 872 Mercurialium
1086 806 1089 816 ’

259 895 303 966 30
323 893 443 964 Custos
464 891 629 960 virorum.
652 889 799 957 reddere
819 889 975 957 victimas

365 977 567 1069 Aedemque
587 975 741 1044 votivam
761 991 949 1042 memento:

432 1063 504 1133 Nos
524 1060 688 1130 humilem
707 1059 869 1129 feriemus
891 1083 1021 1153 agnam.

718 1223 904 1322 >tutu¹
954 1213 956 1218 ’

323 1369 402 1438 Non
424 1369 528 1450 ebur,
551 1370 661 1458 sieque
683 1389 822 1433 aureum

407 1453 484 1520 Mea
504 1451 640 1520 renidet
659 1449 696 1520 in
718 1451 821 1520 domo
842 1451 1000 1518 lacunar:

171 1571 184 1586 ·
283 1552 285 1560 “
322 1539 402 1608 Non
421 1539 534 1606 trabes
556 1534 752 1628 Hymettiae

407 1624 570 1691 Premunt
591 1624 764 1690 columnas
785 1619 903 1688 ultima
924 1621 1049 1688 recisas

281 1699 596 1798 ddiricitsneque
616 1705 726 1773 Attali
763 1735 766 1745 ·
979 1698 981 1716 '

210 1809 213 1816 '
319 1854 323 1862 .
407 1791 546 1885 Ignotus
566 1793 668 1860 heres
689 1791 820 1884 regiam
841 1788 1024 1883 occupari:
1116 1871 1119 1883 Ι

237 1929 397 2038 vetustibres
413 1957 602 2028 menbranae,
621 1981 691 2034 quse
708 1963 838 2016 exhibent
854 1961 977 2026 νοίιιενίι,
995 1960 1025 2012 id
1042 1978 1076 2014 ex
1094 1961 1203 2032 antiqua
1220 1961 1355 2016 scribendi

162 2048 165 2057 ·
238 2034 344 2118 ratione
360 2043 539 2113 suvantqut·
549 2049 646 2102 nempe
663 2033 697 2083 sit
714 2033 895 2112 quarticasus
912 2031 1016 2111 nurneri
1033 2029 1155 2098 pluralis,
1174 2049 1228 2110 non
1246 2031 1357 2099 genitivi

238 2099 390 2219 :lrgslgulsrss-
425 2101 460 2152 Et
476 2117 514 2150 sic
530 2117 560 2150 ιιι
576 2098 627 2150 bsc
643 2110 734 2150 noma
751 2097 869 2150 editione
888 2115 973 2167 accipi
991 2095 1069 2162 volo,
1088 2097 1218 2162 voluteris,
1235 2097 1288 2150 boc
1305 2110 1355 2162 est,

285 2185 366 2218 ucrcs.
400 2167 646 2234 Elegantins.certe
664 2165 779 2216 veheres
796 2163 855 2216 alas
864 2163 930 2234 jati
946 2181 1028 2234 quant
1045 2165 1105 2216 alna
1129 2163 1185 2230 fati
1202 2165 1356 2218 volueris.“

239 2235 337 2288 Noster
354 2232 444 2287 carm.
463 2235 506 2298 111,
526 2233 569 2286 29.
587 2231 622 2285 do
638 2233 772 2285 Fortuna:
796 2235 909 2298 „Laudo
927 2243 1085 2282 mansam:
1112 2234 1136 2282 ri
1153 2233 1252 2286 celeres
1270 2235 1356 2302 quatit

237 2303 352 2368 Pennas,
371 2304 475 2372 resigna
492 2320 559 2370 quae
573 2301 674 2352 ‹ledit-‘⁶
692 2301 769 2368 Virg.
787 2299 859 2352 Aen.
877 2301 913 2365 V,
931 2301 993 2355 217.
1029 2301 1136 2366 „Radit
1153 2303 1201 2350 iter
1218 2301 1355 2368 liquidust,

239 2369 339 2424 celeres
356 2389 437 2440 neque
452 2380 591 2420 commouet
609 2367 696 2424 alus.“
730 2366 812 2422 Ovid.
835 2367 897 2421 Art.
915 2368 949 2432 11,
965 2364 1011 2424 tbi.
1047 2353 1218 2433 „Remiviuris
1235 2367 1356 2422 volucres

238 2439 355 2509 disponit
370 2439 400 2487 irs
417 2438 508 2488 ordine
523 2439 662 2506 pennst.“
978 2459 984 2470 ·
1142 2409 1162 2480 ο,
1238 2471 1245 2478 -

306 2507 333 2558 3.
352 2505 415 2556 Νοιι
430 2505 515 2554 trades
531 2503 689 2573 Hymettiae]
730 2504 782 2555 Vir
807 2501 996 2556 celeberrimus
1021 2503 1139 2564 'l'bcnuu
1164 2501 1232 2555 Gale
1257 2497 1272 2556 ὃ
1298 2523 1357 2574 mt-

238 2561 970 2716 osu:enuntiarentur
987 2571 1294 2692 titulatur.

239 2707 377 2774 ornarit,
410 2723 467 2758 non
491 2705 582 2757 trabes
608 2676 733 2774 (citre'se)
760 2725 795 2758 ex
820 2706 917 2758 ultitns
932 2705 1027 2758 Africa
1044 2709 1143 2758 recisae
1160 2717 1286 2778 premunt
1303 2725 1354 2758 co-

237 2775 345 2828 lusnnss
362 2775 501 2825 marmoris
526 2773 550 2822 ll
600 2776 668 2826 attii.
704 2773 830 2828 Calabras
852 2791 916 2826 sans
934 2785 1010 2825 erant
1032 2773 1172 2826 columnae
1188 2771 1373 2844 llyrnettiae,'

238 2855 270 2895 ut
286 2841 389 2894 Plinius
406 2842 474 2895 Hirr.
508 2843 521 2858 '
580 2839 628 2905 Vl,
645 2843 672 2896 3.
707 2841 869 2906 „Columnas
885 2843 1031 2911 Hymettias
1049 2859 1099 2890 nors
1114 2841 1201 2910 plures
1219 2847 1298 2897 sex.“
1328 2853 1357 2894 et

237 2909 307 2964 ibid.
325 2909 415 2973 xvii,
435 2913 459 2964 t.
495 2906 657 2974 „Columnas
674 2921 798 2976 quattuor
812 2911 939 2980 Hymettii
954 2911 1119 2960 immoriar
1138 2909 1200 2964 Vol.
1220 2911 1356 2962 Maximus

236 2981 290 3045 IX,
307 2981 334 3035 1.
382 2979 440 3044 ,cia
458 2977 591 3032 minius«
615 2977 649 3032 L.
670 2977 763 3026 Crasso
790 2977 898 3042 obierit,
930 2979 1000 3045 quod
1015 2975 1149 3028 erumnas
1166 2979 1197 3026 H
1210 2979 1357 3031 metts'usn'ss

236 3015 450 3118 pertinuimus
466 3045 608 3096 latent*
634 3042 738 3096 Trabes
755 3055 844 3096 autam
861 3063 896 3096 ex
913 3044 1008 3096 arbore
1025 3047 1091 3096 citro
1110 3043 1144 3095 ab
1159 2997 1252 3097 Adrion
1270 3064 1355 3116 usque

237 3118 340 3186 petitas
357 3113 488 3166 columnis
504 3114 660 3166 marmoreis
676 3109 894 3181 imponebantur.
912 3111 1043 3181 Apposite
1058 3106 1158 3166 Statius
1175 3111 1242 3169 silv.
1262 3113 1308 3181 tv,
1327 3118 1354 3166 2.

239 3181 314 3248 „Sul
329 3181 393 3232 mibi
410 3200 463 3232 non
479 3180 589 3249 epulus,
623 3181 747 3248 Indisque
771 3181 866 3230 innixa
890 3179 1020 3232 columnis
1042 3178 1148 3232 Robora
1164 3179 1357 3238 Maurorum.“

237 3249 319 3302 Recte
343 3267 408 3302 ιιιο
425 3249 509 3298 trabes
534 3245 569 3302 ds
585 3249 670 3302 citro:
705 3259 736 3298 ut
751 3247 849 3300 Noster
866 3243 955 3300 Carm.
979 3247 1072 3310 1V,t.
1113 3250 1215 3312 „Ponet
1241 3267 1357 3300 marmo-

104 3306 108 3327 '
208 3333 210 3348 ¹
237 3335 307 3370 reatu
323 3317 371 3366 sub
387 3315 464 3366 trabe
481 3318 603 3368 citres:“
622 3328 649 3367 st
664 3313 727 3367 vide
744 3317 853 3384 insuper
870 3325 901 3366 ut
917 3325 980 3394 apta
996 3311 1126 3366 inferatur
1150 3313 1221 3366 illud
1246 3319 1355 3382 recisae,

233 3383 273 3436 ds
289 3382 412 3436 trabibus
428 3382 541 3451 ligneis:
559 3395 591 3434 ut
609 3381 698 3436 Gsrrn.
716 3384 761 3446 Ill,
779 3383 806 3438 6.
831 3383 953 3446 „Motus
970 3384 1006 3432 tul
1023 3383 1157 3434 arbitrium
1173 3387 1269 3436 recisos
1286 3387 1355 3434 Por..

237 3463 295 3504 sors
313 3451 426 3506 fustes.“
459 3449 550 3518 Atque
575 3450 641 3504 baec
657 3451 799 3523 protulisse
824 3445 941 3502 sufficiat
958 3448 993 3501 ad
1010 3449 1086 3502 Galei
1105 3453 1286 3502 coniecturam
1303 3451 1356 3502 fir-

237 3511 374 3574 mandam.
408 3519 511 3572 Verum
537 3535 598 3570 cuns
623 3535 714 3570 omnes
741 3517 841 3587 ubique
858 3515 964 3569 codices
980 3519 1009 3568 in
1026 3529 1133 3588 recepta
1149 3516 1267 3571 lectione
1285 3539 1354 3572 con-

236 3589 373 3650 sentiant,
399 3597 426 3639 st
441 3595 581 3656 praetcrea
598 3603 632 3636 ex
649 3587 815 3638 correctione
832 3583 910 3638 Gslsi
926 3587 964 3634 ins
983 3583 1081 3637 editior
1105 3583 1200 3654 paullo
1225 3598 1252 3636 ct
1277 3589 1357 3640 inre·-

216 3683 218 3688 ·
236 3649 342 3706 nuttios
358 3651 406 3704 tiss
421 3653 488 3706 ordo
504 3651 665 3718 verborum
683 3656 765 3705 satius
782 3663 821 3705 est
837 3652 947 3704 sonasse
964 3603 1052 3704 iocum
1070 3663 1110 3704 sat
1126 3651 1194 3704 bene
1207 3671 1234 3706 ss
1246 3654 1355 3706 baben·-

236 3733 292 3774 tens
307 3721 536 3772 non'sollicitars.
572 3719 676 3772 Trabes
693 3724 765 3772 enim
782 3737 862 3790 supra
879 3719 1015 3772 columnas
1031 3723 1150 3790 positae,
1175 3739 1230 3772 non
1249 3741 1263 3774 e
1280 3723 1354 3791 ligno

236 3789 342 3852 solunt,
361 3787 409 3842 sad
425 3806 440 3840 e
457 3786 548 3858 lapide
564 3784 682 3852 lieb'ant,
702 3799 732 3839 ut
748 3787 910 3840 Architectis
926 3799 1037 3838 notum:
1064 3799 1092 3838 et
1108 3787 1222 3858 proinde
1239 3805 1356 3840 manner

236 3857 407 3928 Hymettium
422 3862 477 3908 tarn
494 3854 616 3907 trabibus
633 3851 814 3918 conficiendis,
833 3873 915 3925 qustn
932 3855 1063 3906 columnis
1081 3865 1136 3906 erat
1154 3867 1256 3925 aptum.
1291 3855 1354 3906 Pli-

237 3928 297 3978 nius
313 3935 405 3976 narrat
421 3926 452 3976 in
467 3921 549 3976 donso
564 3921 685 3978 Seleucia
711 3922 874 3977 Colchorum
897 3925 967 3990 regis
992 3921 1081 3974 trabes
1106 3919 1187 3974 fuisse
1205 3935 1352 3992 argenteus,

237 3983 610 4055 itin.XXXt11,3t⁵²‚,Se‹t
631 4003 655 4044 st
681 3990 753 4042 illius
770 4007 866 4041 oureus
882 4007 1013 4052 camos,
1048 4000 1073 4038 rt
1099 4003 1239 4058 argenteae
1263 3991 1353 4046 trabes
1405 4035 1408 4049 ,

236 4071 396 4123 manantur,
414 4071 440 4110 ct
455 4057 607 4122 columna«,
626 4069 650 4108 et
664 4059 875 4127 parastaticae.“
908 4059 938 4108 ln
960 4057 1074 4108 Veneris
1096 4055 1177 4110 dorso
1202 4057 1353 4126 smaragdi-

235 4143 284 4178 nas
300 4127 391 4180 trabas
414 4143 496 4197 super
520 4125 538 4176 b
560 4125 708 4178 acintbinas
732 4125 869 4178 columnas
891 4125 968 4195 ponit
993 4123 1160 4177 Claudianus
1184 4123 1218 4178 dc
1243 4125 1353 4196 Nuptiis

236 4195 350 4246 Honorii
367 4211 394 4250 r.
412 4193 456 4248 88.
484 4195 532 4258 „A
550 4195 658 4244 miserus
675 4205 757 4246 anem
771 4195 870 4262 pretio,
894 4191 1070 4262 trabibusque
1087 4191 1230 4259 smaragdis
1247 4193 1283 4243 Su
1320 4213 1354 4246 c-

236 4263 290 4314 suu
312 4279 405 4314 mons
421 4261 555 4333 bysuntin
577 4279 639 4333 rupe
655 4261 822 4314 commu
855 4261 911 4312 lant
936 4277 1000 4330 ergo
1027 4259 1161 4314 columnas
1185 4259 1232 4312 illa
1259 4213 1353 4316 adias
