2998 4836
99 349 102 356 =
216 322 283 396 aaa
540 265 994 410 onomnnnmcct

238 478 282 546 70
304 475 417 544 Curtia
437 471 572 558 ludaeis
594 471 790 566 oppedere?
819 477 911 542 nulla
932 474 1040 554 inihi,
1065 474 1213 566 inquam,
1244 487 1248 503 '

302 560 451 650 Relligio
473 573 534 627 est.
578 561 627 628 At
647 563 714 626 mi:
744 583 819 626 sum
839 563 954 650 paullo
976 559 1161 641 infirmior,
1190 585 1278 638 unus

23 632 27 673 t
100 679 102 686 ⁴
141 693 146 703 .
245 675 253 724 2
302 647 508 714 Multorum:
530 644 705 735 ignescere
728 643 810 712 alias
826 647 957 735 loquar.
981 645 1170 712 ‘Hunccine
1187 649 1295 714 solem

24 678 49 819 ,.

303 731 394 798 Tam
413 730 714 820 nigrumsurrexe
734 727 847 796 mihi?
884 728 973 820 fugit
986 729 1162 820 inprobus,
1185 752 1224 796 ac
1237 753 1293 797 me

305 813 375 884 Sub
397 819 507 884 cultro
528 813 663 905 linquit.
707 834 787 881 casu
807 814 902 882 venit
924 813 1046 883 obvius
1064 813 1120 880 'illi

239 903 283 968 75
304 899 553 981 Adversarius,
577 914 629 982 et,
660 897 738 986 Quo
760 915 815 986 tu,
836 899 1058 992 turpissime?
1088 923 1209 988 magna
1243 897 1247 906 '
1282 971 1289 992 ,

303 985 467 1053 Inclamat
487 1007 594 1064 voce,
616 998 670 1066 et,
691 982 791 1052 Licet
819 985 1008 1052 antestari?
1045 1007 1110 1076 ego
1130 1005 1217 1054 vero

293 1069 336 1138 Ι0
385 1092 452 1138 ono
476 1066 672 1136 auriculam.
700 1067 792 1172 rapit
805 1067 928 1135 iniust
951 1073 1080 1137 clamor
1097 1070 1279 1162 utrimque,

305 1095 466 1248 vidique
487 1177 682 1225 concursus.
725 1177 776 1226 stc
801 1177 857 1222 me
879 1153 1031 1223 servavit
1050 1155 1189 1250 Apollo.

532 1339 1056 1486 actoelx.

304 1589 390 1664 Nem
415 1593 447 1662 e·'
455 1591 673 1694 inconposito
695 1591 772 1661 dixi
817 1591 881 1662 ede
903 1615 1042 1662 currere
1063 1615 1183 1684 versus

199 1705 226 1744 ,ι
305 1620 427 1748 Lucili.
472 1703 547 1770 quta
568 1695 639 1746 tam
659 1677 772 1746 Lucili
792 1617 1048 1772 ¹iautortinepte
1069 1695 1132 1763 est,
1239 1741 1241 1750 ,

305 1764 354 1834 Ut
375 1789 446 1834 non
465 1766 533 1833 hoo
553 1763 726 1832 fateatur?
766 1781 801 1832 at
820 1756 930 1846 idem,
956 1763 1050 1856 'quod
1066 1768 1136 1832 sale
1150 1763 1259 1832 multo

305 1847 437 1919 Urbem
459 1849 636 1934 defricuit,
665 1851 783 1917 charta
802 1849 960 1920 laudatur
980 1849 1110 1916 eadem.

265 1935 378 2003 5Nec
407 1952 520 2003 tamen
549 1936 617 2004 hoc
635 1935 817 2020 «tribuens,
848 1934 1004 2002 dederim
1033 1957 1168 2034 quoque
1190 1949 1345 2002 caetera:

320 2036 322 2044 '
969 2035 1062 2088 'nam
1082 2043 1132 2086 stc
1305 2051 1308 2058 ·

305 2103 351 2172 Et
370 2101 496 2172 tabat
515 2103 657 2186 mimos,
683 2120 724 2172 ut
743 2105 887 2195 pulchra
906 2106 1080 2196 polimata,
1110 2103 1228 2172 mirer.

305 2189 398 2280 Ergo
414 2209 489 2256 uon
510 2189 590 2256 satis
612 2204 664 2256 est
683 2189 756 2256 risu
783 2189 947 2256 diducere
967 2189 1091 2257 rictum

306 2273 503 2342 Auditoris:
527 2289 561 2340 et
577 2289 628 2341 est
641 2273 806 2364 quaedam
818 2291 932 2341 tamen
947 2273 1006 2356 hic
1020 2297 1155 2376 quoque
1169 2271 1301 2346 virtus:

306 2359 367 2427 Est
388 2357 555 2426 brevitate
577 2382 682 2452 opus,
704 2373 742 2426 ut
764 2375 879 2428 currat
899 2375 1081 2441 sentenua,
1103 2383 1171 2426 neu
1191 2381 1228 2426 se

174 2541 176 2551 Ι
245 2446 287 2512 10
307 2443 463 2542 Inpediat
483 2443 599 2512 verbis
621 2447 723 2512 las'sas
745 2443 964 2512 onerantibus
986 2443 1097 2512 auris:

306 2529 350 2598 Et
370 2553 526 2598 sermone
548 2553 634 2629 opus
655 2544 707 2596 est
725 2530 830 2598 modo
851 2529 960 2612 tristi,
991 2553 1092 2622 saepe
1112 2527 1251 2598 iocoso:

306 2613 521 2682 Defendente
541 2637 655 2681 vrcem
674 2615 779 2686 modo
801 2614 951 2682 rhetoris
973 2629 1072 2706 atque
1096 2618 1239 2708 poitae3

307 2699 483 2767 interdum
503 2699 626 2766 urbani
646 2697 816 2790 parcentis
836 2697 1091 2790 viribus'atque

307 2783 532 2852 Extenuantis
554 2809 611 2850 eas
633 2787 799 2871 consulto.
843 2783 1027 2851 ridiculum
1046 2783 1120 2851 aori
1160 2835 1164 2844 .

247 2869 444 2938 latonius
466 2885 500 2936 et
520 2868 641 2935 melina
662 2893 716 2934 ma
764 2893 799 2935 aa
820 2871 1020 2961 plerumque
1036 2883 1128 2936 secat
1148 2891 1214 2936 res.

307 2953 382 3036 Illi,
412 2951 537 3044 scripta
580 2953 679 3020 uibus
702 2893 887 3022 Egonmoedia
907 2953 1020 3045 prisca
1039 2952 1125 3021 viris
1147 2970 1208 3036 est,

222 3119 227 3126 Ι
267 3031 270 3058 ’
308 3037 385 3108 Hoc
401 3041 544 3120 stabant,
593 3063 633 3108 oc
647 3055 725 3109 sunt
739 3037 914 3106 imitandis
936 3062 1020 3128 quos
1036 3037 1303 3128 nequepulchat·

308 3123 540 3213 Hermogenes
562 3147 721 3214 umquam
740 3126 773 3190 le
800 3122 841 3204 't‚
871 3145 981 3212 neque
1002 3120 1119 3191 simius
1139 3122 1215 3205 iste,

308 3209 366 3275 Nil
386 3223 525 3299 praeter
544 3207 685 3276 Calvom
706 3222 741 3274 et
786 3224 881 3275 octus
903 3224 1038 3274 cantare
1061 3207 1238 3276 Catullum.

158 3305 168 3320 '
245 3293 290 3364 20
309 3294 358 3362 At
378 3315 537 3386 magnum
555 3291 654 3376 fecit,
677 3293 771 3387 quod
789 3292 905 3361 verbis
928 3292 1059 3362 Graeca
1078 3290 1210 3362 Latinis

528 3463 555 3501 v.
573 3444 617 3502 76.
652 3443 735 3520 Vulg.
751 3435 903 3500 Exclamat.

209 3595 431 3671 ,qqae'dioemm
456 3595 491 3650 ad
516 3597 604 3651 Sem.
629 3599 667 3664 11,
682 3597 710 3656 6.
727 3617 755 3674 r·
772 3599 817 3656 92.
842 3599 917 3670 „Vis
940 3611 972 3654 tu
993 3599 1107 3654 leminea
1123 3597 1345 3671 urlemqnesert'e

224 3683 381 3738 praeponere
396 3665 472 3716 silvia
482 3667 516 3717 ?“

254 3745 256 3752 ’
281 3732 338 3789 tt.
377 3736 434 3798 Ouo
452 3745 499 3799 tu,
527 3745 570 3785 tur
588 3731 696 3787 issima?
710 3753 760 3788 *mu
839 3735 980 3788 Exclamat
1005 3735 1087 3803 voce]
1122 3734 1167 3788 stc
1191 3733 1343 3790 editionem

227 3822 316 3878 neque
333 3802 481 3874 quidquem
498 3820 532 3853 ex
549 3753 626 3853 lilrts
643 3805 697 3854 tuit
713 3822 762 3874 pro
776 3815 853 3855 erunt
870 3806 1046 3876 interpretes,
1065 3815 1179 3876 excepto
1196 3803 1345 3856 Bertman·
1392 3809 1399 3820 '

228 3889 282 3924 no:
307 3873 330 3922 is
354 3888 418 3922 vero
442 3871 472 3922 in
495 3867 599 3921 duobus
622 3887 649 3920 se
666 3881 777 3922 testatur
798 3873 948 3937 invenisse,
966 3899 1001 3910 -
1015 3891 1090 3940 „quo
1108 3884 1155 3938 tu,
1173 3871 1344 3940 turpissime?

228 3956 326 4008 magna
342 3937 470 3989 Inclamat
485 3941 583 3990 roce.“
617 3937 652 3986 Et
668 3937 802 4008 sic'plane
820 3937 923 3992 codices
941 3939 1041 4006 nostri,
1066 3939 1216 4002 Galenus,
1234 3923 1343 4006 Regius,

106 3997 108 4009 '
140 4019 142 4024 ·
228 4005 370 4058 Societetis
386 4006 501 4072 Regiae,
521 4015 546 4055 et
565 4001 678 4074 Collegii
695 4005 856 4071 Trinitatis,
875 4017 901 4058 et
917 4025 967 4077 pro
984 4009 1058 4058 varia
1075 4005 1191 4058 lectione
1207 4007 1344 4076 Baginen-

228 4073 273 4128 sis.
306 4073 414 4124 Rectius
431 4075 487 4123 sine
505 4071 605 4123 dubio:
629 4071 759 4123 Inclamat
775 4086 799 4124 et
817 4077 933 4144 increpat
950 4075 1075 4126 hominem
1092 4073 1134 4124 ltt'e
1151 4075 1252 4138 cerdis,
1282 4071 1343 4134 (luo

227 4153 277 4205 tu,
295 4137 463 4207 turpissime?
496 4139 603 4194 Lucret.
622 4139 667 4205 lll,
684 4139 745 4195 967.
769 4141 851 4206 „Non
868 4143 956 4194 merito
974 4141 1101 4194 inclamet
1116 4143 1219 4212 magis,
1238 4151 1264 4192 et
1281 4159 1346 4192 uoce

229 4211 339 4290 increpet
355 4208 428 4272 acri,
453 4205 543 4326 Αμιζεν
558 4207 652 4258 abhinc
673 4205 811 4290 lacrimas,
835 4209 976 4290 lfaratltro,
1001 4221 1026 4262 et
1044 4227 1170 4279 campens
1185 4206 1345 4280 querelae·“

229 4273 302 4329 Vide
317 4273 460 4339 Plautum,
509 4291 650 4343 ceronam,
667 4275 793 4346 Latratu,
811 4275 888 4332 aba.
980 4294 983 4304 ·
1022 4299 1024 4304 ·
1229 4295 1234 4304 ·
