3006 4834
147 277 149 288 ’
203 311 270 380 ecs
436 280 440 289 '
535 304 579 398 o.
604 305 808 382 ttoaaTu·
825 305 992 379 tnacct

286 462 376 544 Nec,
399 461 429 532 si
449 460 533 554 quid
553 461 636 532 olim
654 461 737 530 lusit
757 460 962 546 Anacreon,
1000 475 1005 483 ’

225 548 268 616 10
287 547 425 618 Delevit
446 565 555 616 actast
576 547 682 640 spirat
704 547 815 615 adhuc
837 571 944 631 amor,

329 633 462 704 Vivunt
484 658 528 700 ue
549 632 709 702 conmissi
729 635 858 701 calores

404 719 482 786 Aeo
500 718 549 808 fae
570 716 695 799 fidibus
714 721 857 810 puellae.

285 801 365 872 Non
384 804 458 872 sola
478 818 608 872 comtos
629 801 712 871 arsit
733 801 879 870 adulteri

287 886 400 957 Crinia
422 903 456 956 et
477 913 597 956 aurum
616 887 768 960 uestibus
792 887 939 971 inlitum,
1024 949 1027 955 .
1125 925 1129 932 ¹

40 987 44 999 ’
155 934 156 937 ¹
224 973 267 1042 '15
328 973 452 1042 Mirata
472 973 662 1074 regaliaque
683 976 792 1040 cultus

137 1101 140 1110 ·
404 1057 449 1124 Et
469 1073 628 1139 comites,
650 1055 781 1130 Helene
802 1055 978 1128 Lacaenas
1012 1079 1015 1090 ’

144 1160 153 1166 ·
255 1187 259 1194 -
286 1139 462 1210 Primnsve
485 1143 620 1210 Teucer
640 1144 709 1209 tela
729 1141 889 1230 Cydonio

120 1239 125 1259 ¹
266 1225 428 1296 ,Direxit
449 1252 547 1295 arcu:
570 1251 641 1296 non
661 1231 767 1296 semel
786 1227 868 1298 llios

326 1311 482 1381 Vexata:
504 1335 575 1383 non
594 1311 758 1415 pugnavit
779 1311 898 1402 ingena
929 1397 932 1403 x

220 1397 267 1466 20
407 1397 610 1464 Idomeneus
632 1397 854 1465 Sthenelusve
873 1400 991 1466 solue¹

286 1480 442 1550 Dicenda
462 1481 566 1548 Musis
587 1481 740 1574 proelia:
763 1505 834 1550 non
854 1481 959 1553 ferox

284 1567 433 1647 Hector,
456 1568 513 1633 vel
535 1591 614 1633 acer
634 1567 836 1659 Deiphobus
858 1567 972 1660 gravis

324 1651 420 1720 Exce
445 1649 473 1717 it
492 1649 579 1718 ictus
601 1676 665 1742 pro
687 1651 820 1744 pudicis

432 1734 611 1826 oningibus
633 1736 815 1828 puerisque
836 1735 983 1827 primast

219 1823 263 1889 2⁵
284 1819 418 1909 Vixerp
439 1819 546 1888 fortes
569 1836 645 1888 ante
667 1823 925 1913 Agamemnona

221 1938 227 1955 ¹
280 1889 402 1986 llulti3
424 1905 485 1972 sed
507 1929 623 1974 omnes
644 1905 906 1974 inlacrimabiles
933 1934 934 1943 ¹
995 1943 999 1950 ·

291 1997 293 2006 '
325 1989 523 2082 Urguentur
543 1991 719 2082 ignotique
741 1994 843 2082 longa

402 2077 527 2156 Nocte,
550 2092 666 2143 carent
687 2076 766 2166 quia
786 2091 864 2142 vate
885 2099 993 2147 sacro.

282 2158 438 2229 Paullum
457 2163 608 2253 sepultae
630 2159 733 2230 dietat
752 2158 896 2248 inertiae
915 2223 918 2229 .

199 2363 298 2419 etalio
316 2363 440 2436 exemplo
457 2363 509 2416 tibi
527 2361 737 2428 confirmaboin
755 2383 832 2420 versa
848 2363 979 2431 Alcmeo,
1014 2367 1062 2438 qui
1088 2363 1243 2422 Glaora‘amli
1265 2385 1317 2419 ac-

198 2435 316 2485 cessione
333 2431 554 2503 exAsclepiadeo
571 2437 707 2498 nascitur3
726 2445 756 2486 ιιι
772 2433 904 2498 „Nullam
919 2435 924 2504 Ι
941 2433 1013 2486 Vara
1029 2453 1105 2486 saera
1119 2436 1124 2505 Ι
1140 2437 1197 2486 uite
1206 2436 1299 2505 priua}

197 2503 293 2552 severia
310 2501 454 2554 arboreru.“
474 2499 543 2555 Cum
561 2504 633 2554 enim
650 2511 677 2553 et
692 2501 773 2553 huius
791 2503 867 2556 metri
885 2505 1002 2554 suavitas
1015 2504 1044 2552 in
1063 2522 1094 2555 eo
1111 2501 1227 2554 maaiane
1245 2521 1315 2554 con-

196 2569 288 2634 sistat,
320 2580 349 2619 ut
375 2567 432 2620 bini
450 2567 492 2620 illi
516 2567 672 2620 Chorismbi
690 2587 795 2640 semper
811 2567 934 2621 desinant
949 2573 977 2620 in
995 2587 1060 2622 voce
1077 2572 1196 2640 integra,
1215 2583 1243 2621 ut
1260 2573 1316 2622 iam

103 2680 107 2685 ,
196 2635 306 2701 vidisti3
321 2633 408 2705 idque
426 2633 527 2706 ubique
544 2635 689 2754 dilipenter
705 2637 805 2690 caverit
819 2637 931 2688 Flaccus
944 2638 1052 2703 (Graeci
1070 2641 1141 2688 enim
1159 2637 1203 2689 hic
1219 2639 1315 2706 negle-

215 2707 330 2755 entiores
347 2707 446 2771 erant),
469 2707 499 2756 iu
516 2715 570 2756 ano
609 2716 720 2769 untaxat
737 2704 869 2756 versiculo
887 2707 1112 2776 praepositionem
1135 2723 1150 2756 a
1168 2724 1216 2758 suo
1233 2705 1315 2758 verbo

196 2721 342 2822 dissolvere
359 2789 437 2822 anana
454 2783 510 2836 est,
530 2771 737 2841 ,pltealm'que
753 2769 828 2840 fider
843 2771 973 2842 {prodiga
996 2773 1190 2842 perllucitlior
1216 2773 1313 2824 uteros*

196 2837 318 2890 Eandem
334 2841 427 2909 itaque
444 2841 549 2890 veniam
567 2851 593 2890 et
609 2841 727 2908 speravit
744 2851 772 2890 et
789 2842 941 2909 impetravit
957 2839 1001 2892 hic
1015 2843 1042 2892 in
1050 2839 1215 2910 perlucidior,
1234 2859 1315 2910 quam

196 2905 302 2958 illicia
326 2908 476 2976 detorque13
501 2917 531 2956 ιιι
547 2923 611 2976 prae
632 2907 710 2958 ositio
727 2907 829 2959 scilicet
846 2923 981 2959 caesuram
997 2912 1141 2972 sustineat,
1176 2921 1326 2977 tamquam·

197 2973 312 3026 acerbo
330 2973 425 3028 divisa.
470 2972 500 3024 ld
516 2971 590 3043 quod
606 2925 721 3037 lustra,
748 2975 861 3043 opinor,
888 2985 1071 3044 expectassem
1097 2979 1118 3028 si
1143 2978 1226 3027 inrita
1251 2977 1313 3046 lyra

196 3051 224 3093 at
239 3059 294 3092 non
311 3044 368 3093 aine
385 3043 488 3092 aurium
500 3041 617 3100 ,vulnere
633 3039 704 3092 illud
720 3040 851 3092 absonum
868 3044 1058 3106 concinuisset,
1090 3041 1175 3108 ‚,Neu
1192 3044 1314 3094 incendia

199 3109 405 3178 Garltltaginia
422 3109 547 3177 impiae.“
583 3107 672 3160 Nullis
699 3112 771 3160 enim
795 3107 913 3174 fidiculis
930 3109 1026 3162 divelli
1044 3121 1131 3181 potest
1148 3129 1179 3162 ea
1195 3111 1313 3181 syllaluu

196 3187 290 3246 utpote
306 3193 361 3227 non
378 3179 542 3229 extrinsecus
559 3175 691 3240 adducta,
718 3175 765 3228 aed
782 3176 922 3228 inhaerens
940 3189 966 3230 et
983 3177 1080 3230 insita:
1104 3189 1130 3229 et
1146 3177 1260 3249 proinde
1278 3175 1313 3230 ad

216 3261 307 3294 ausam
323 3243 505 3296 sustinendam
523 3247 614 3314 inepta
631 3244 712 3313 plane
730 3255 756 3296 et
772 3243 909 3298 inhabilis.
934 3245 1041 3297 Habeat
1056 3248 1093 3297 ita
1115 3263 1148 3297 ue
1165 3264 1243 3298 sunm
1260 3245 1313 3298 sibi

194 3260 346 3375 laisarius,
365 3321 392 3362 et
408 3311 536 3364 historiae
552 3323 579 3362 et
595 3315 658 3362 artis
675 3314 870 3380 ignarissimu83
905 3329 994 3380 neque
1012 3263 1133 3364 candidis
1149 3313 1233 3364 stellis
1249 3333 1312 3364 ma-

195 3377 284 3428 culam
309 3381 458 3447 impurgata
531 3396 572 3428 em
598 3379 619 3428 si
645 3379 769 3432 omnibus
794 3380 910 3448 vestigiis
933 3379 1059 3448 indagare
1077 3391 1103 3434 et
1116 3381 1311 3451 comprendere

195 3447 285 3498 cona-ti
300 3461 407 3509 suanus,
443 3463 489 3498 eru
511 3449 563 3496 itus
588 3445 673 3498 lector
697 3447 741 3500 rel
765 3449 848 3518 ipsius
872 3447 977 3499 Horatii
994 3467 1090 3516 cauas,
1117 3451 1192 3502 cuius
1208 3467 1251 3502 rea
1266 3449 1311 3500 hic

195 3513 300 3581 agitur,
318 3515 457 3564 actissuis
475 3513 585 3564 favebit.
993 3511 996 3521 ’

261 3579 305 3635 29.
324 3579 447 3630 Paullum
464 3579 581 3648 sepultae
596 3581 678 3632 dietat
695 3583 803 3634 inertiae
821 3579 911 3632 Celata
928 3583 1022 3650 virtue]
1048 3583 1105 3652 Ego
1122 3601 1186 3636 raro
1203 3583 1250 3636 vix
1266 3600 1322 3635 sa-'

192 3647 227 3701 tis
244 3649 341 3718 capio,
360 3647 427 3717 quid
443 3648 495 3699 sibi
512 3647 579 3699 velit
596 3659 642 3700 aut
660 3647 793 3718 quomodo
815 3652 974 3702 sententiam
992 3653 1064 3703 iuret
1081 3650 1150 3702 illud
1176 3650 1308 3719 sepultae:

192 3717 276 3766 immo
294 3733 401 3778 vereor,
419 3733 454 3768 ns
471 3711 573 3768 olliciat
590 3719 673 3785 magis
691 3737 770 3788 quam
788 3719 882 3788 prosit.
901 3719 935 3770 Et
952 3717 1025 3782 inde,
1043 3720 1149 3798 opinor,
1169 3731 1217 3784 eat,
1235 3715 1309 3789 quod

192 3781 357 3838 scholiastae
373 3795 475 3835 veteres
491 3785 529 3836 sic
547 3797 680 3848 enarrant,
700 3785 784 3863 ‚stop
794 3785 904 3836 laudata
915 3785 1100 3838 virtusaa'rnrlie
1116 3797 1155 3837 eat
1164 3787 1270 3836 inertiae
1276 3788 1308 3848 ,·“

192 3867 290 3904 onaasro
307 3849 356 3902 illo
374 3851 532 3906 emblemate
550 3852 673 3920 sepultae.
708 3853 743 3903 Et
759 3853 869 3922 quidem
887 3851 957 3904 illud
974 3853 1061 3924 probe,
1076 3853 1208 3922 intelligo,
1227 3853 1310 3904 alata

184 3919 275 3970 *uirtus
290 3918 410 3986 paullum
427 3921 508 3970 distat
531 3920 654 3970 inertiae:
686 3921 727 3971 sin
753 3931 842 3972 autem
868 3921 983 3989 sepultae
1000 3920 1148 3986 addidero,
1183 3923 1309 3973 continuo

190 3989 336 4038 ualentiae
368 3987 455 4055 caligo
480 3989 570 4040 nescio
595 4005 664 4056 quae
690 3987 822 4040 oboritur.
858 3985 931 4060 Quid
949 3990 1020 4040 enim
1037 3987 1098 4039 ris?
1133 4007 1166 4040 an
1194 3985 1310 4056 sepultae

191 4055 261 4117 erit,
294 4065 324 4104 ut
350 4055 429 4122 vulgo
453 4057 679 4124 interpretantur,
707 4057 858 4119 extinctae,
885 4055 1021 4108 oblivione
1038 4054 1179 4108 obrutae?¹
1222 4055 1308 4124 Atqui

190 4120 277 4173 celata
302 4119 386 4174 virtus
410 4120 485 4172 haud
509 4125 592 4191 magis
619 4139 634 4171 a
659 4124 720 4174 riva
747 4134 776 4174 et
798 4125 905 4191 rigente
927 4126 1025 4176 inertia
1043 4121 1140 4188 distat,
1175 4142 1257 4193 quam
1273 4123 1308 4173 ab
1343 4137 1348 4147 ⁴

191 4191 326 4241 extincta:
353 4191 419 4260 quip
441 4207 456 4240 e
481 4190 564 4240 virtue
589 4187 676 4242 celata
699 4189 781 4242 habet
805 4193 922 4261 speciem
946 4191 1051 4242 inertiae
1074 4193 1206 4260 putentia:
1240 4193 1309 4243 sicut

190 4256 289 4310 inertia
314 4256 383 4310 bene
409 4205 573 4326 &simulata
599 4257 699 4314 habere
730 4259 814 4332 possit
838 4258 941 4312 larrana
964 4261 1079 4312 manua
1121 4257 1158 4310 Et
1183 4269 1214 4310 ut
1237 4255 1309 4310 illud
