3008 4844
384 325 995 436 recessero
1055 407 1064 430 ,
1191 351 1287 447 ιιι

47 569 54 586 ·
145 538 265 614 ruisse
284 563 324 614 se
341 535 454 637 dicit,
480 552 523 615 ut
539 537 802 616 Bucolicorum
816 553 897 618 tum
911 539 1148 644 Virgilium(
1148 541 1266 621 Serme
1395 608 1398 618 .

42 745 43 772 χ
144 659 174 754 Ι,
203 660 262 734 10.
289 686 322 733 v.
343 652 432 758 46.)
456 659 561 733 nulla
588 627 815 756 Lyricordm
840 661 1026 738 mentione
1053 660 1163 740 facta.
1222 663 1267 738 ln

42 773 43 784 ’
145 776 277 853 ceteris
296 791 420 851 autem
437 775 592 878 singulis
609 759 843 880 procedentis
871 780 1000 854 aetatis
1019 777 1155 916 gradus
1181 779 1266 884 ple·
1296 825 1301 843 ·

42 885 44 900 ’
145 893 305 969 nissimis
323 894 439 996 signis
455 891 617 972 indicat:
648 895 763 1000 idque
777 893 851 970 tibi
874 923 923 972 ex
940 895 1028 972 huc
1030 897 1125 972 serie
1142 899 1219 974 iam
1242 921 1268 974 ι

42 1003 43 1024 ’
145 1039 205 1086 me
233 1010 482 1088 demonstrata
509 1011 714 1090 iucundum
743 1015 815 1090 erit
834 1013 1144 1118 animadvertam
1179 1041 1268 1096 cum

147 1129 321 1233 operibns
348 1130 574 1207 Iuvenilibus
590 1131 709 1208 multa
737 1131 917 1208 obscaena
935 1146 976 1207 et
999 1131 1181 1234 flagitiosa
1204 1133 1267 1208 in·
1319 1150 1324 1160 ’

146 1251 239 1341 sint;
264 1265 401 1352 quanto
421 1252 526 1326 annis
545 1250 754 1353 provectior
771 1265 869 1347 erat,
894 1265 997 1327 tauto
1017 1277 1103 1326 eum
1121 1265 1157 1327 et
1175 1257 1267 1355 poe·-
1377 1245 1380 1254 ¹

146 1369 222 1442 tica
249 1369 386 1444 virtute
417 1382 455 1444 et
478 1385 783 1472 argumentorum
806 1367 986 1472 dignitate
1013 1370 1266 1474 gravitateque

146 1485 338 1560 meliorem
368 1473 636 1590 castioremque
673 1513 842 1592 semper
853 1488 1018 1564 evasisse.
1095 1487 1269 1564 Ceterum

145 1601 373 1738 ubicumque
399 1605 474 1680 viri
500 1603 706 1688 doctissimi
736 1622 843 1680 extra
870 1605 1008 1682 limites
1035 1603 1099 1682 hic
1125 1607 1266 1710 positos

144 1722 187 1796 in
226 1721 461 1824 adsignandis
486 1722 717 1826 temporibus
744 1737 962 1824 evagantur,
1000 1723 1109 1798 toties
1137 1724 1238 1800 illi
1224 1749 1267 1800 ιιι

42 1901 43 1906 ,
144 1865 288 1918 amores
305 1841 563 1942 prolabuntur.
619 1841 743 1917 Facile
761 1841 920 1942 quidem
937 1837 1032 1916 mihi
1050 1840 1147 1916 foret
1164 1841 1237 1918 id'
1223 1869 1270 1944 ιιιΙ
1359 1891 1369 1912 ι

42 2005 52 2064 ,ι
145 1959 301 2060 singulis
321 1958 532 2055 ostendere,
557 1984 688 2035 verum
704 1985 822 2036 unum
845 1957 974 2034 modo
982 1959 1183 2036 alienumve
1200 1935 1267 2036 hic

42 2071 44 2078 ’
145 2077 346 2178 attingam,
383 2091 504 2152 cetera
531 2091 618 2154 tuae
643 2076 847 2153 industriae
874 2071 1096 2179 relinquens
1155 2077 1286 2180 Libri·

42 2193 44 2266 ?
144 2194 356 2270 [Carmen
372 2195 449 2291 21,
474 2191 800 2272 Diursomienerce
817 2191 934 2270 dicite
954 2192 1150 2294 Virgines,
1173 2221 1275 2300 per-,
1314 2273 1319 2282 ,
1400 2211 1403 2221 ’

42 2349 43 2364 ¹
145 2337 274 2415 peram
291 2315 490 2388 Suenclure
507 2328 663 2410 vocant,
689 2329 726 2389 et
742 2312 790 2388 ad
804 2313 953 2388 Horatii
971 2339 1110 2388 annum
1127 2313 1264 2390 XLIX.

147 2429 329 2522 referunt3
363 2432 531 2533 ringente
559 2433 757 2528 Suetonio,
792 2431 860 2532 qui
886 2443 961 2506 tres
987 2429 1201 2507 Garminum
1214 2431 1266 2508 li·-

42 2631 44 2644 ,
146 2539 236 2624 bros
264 2549 371 2648 longo
396 2549 590 2627 intervallo
618 2575 704 2625 eum
731 2573 870 2635 annum
895 2549 1134 2652 praecessisse
1151 2563 1266 2626 testa-

42 2689 44 2714 *
146 2666 400 2772 tumdtqni
418 2665 515 2742 nihil
533 2669 735 2776 quicquam
752 2663 817 2742 hic
841 2665 906 2745 de
916 2665 1177 2742 Saeczcluribus
1203 2667 1266 2744 lu-

42 2792 43 2882 ]
146 2722 221 2860 dis·
232 2777 426 2892 Ριιᾶιιιις
470 2785 535 2862 sed
564 2801 629 2860 aut
656 2784 705 2859 ad
722 2785 864 2860 Dianae
893 2800 958 2861 aut
990 2765 1178 2888 Apollinis
1208 2783 1267 2860 fe-
1322 2855 1324 2862 .
1412 2869 1416 2883 ¹

42 2964 44 3002 ὲ
146 2917 423 3005 stumspectet,
450 2929 610 3005 quorum
626 2902 725 2980 illud
741 2929 863 2980 mense
890 2903 1078 3006 Augusto,
1107 2901 1186 2979 hoc
1203 2903 1267 2978 lu-

145 3021 199 3094 lio
219 3019 499 3126 singulisannis
524 3020 790 3098 celebrabatur
841 3021 982 3096 Eodem
1005 3022 1165 3123 pertinet
1194 3019 1266 3096 ca-

147 3137 236 3214 tulli
259 3161 407 3215 carmen
431 3139 601 3235 XXXV,
636 3136 802 3216 Πίαηαε
807 3163 936 3213 nemus
963 3136 1005 3211 in
1014 3135 1130 3239 βάσις
1155 3125 1267 3239 quod

42 3239 44 3276 '
148 3259 346 3332 Saemslore
373 3258 485 3333 etiam
511 3285 535 3334 a
569 3258 661 3332 viris
688 3257 807 3332 doctis
843 3257 999 3390 pessime
1026 3249 1265 3348 inscribitur,

42 3371 43 3436 7
147 3399 237 3450 enm
263 3373 359 3454 nibil
387 3375 444 3450 ibi
471 3365 969 3470 descendendam,
939 3399 1061 3475 isque
1081 3373 1149 3450 diu
1166 3375 1278 3451 diem·

147 3493 285 3574 obierit
312 3509 396 3570 ante
424 3493 550 3572 Ludos
574 3493 734 3596 Augusti
754 3491 977 3568 Saeculares.
1029 3493 1130 3568 Tum
1155 3508 1192 3569 et
1216 3493 1265 3589 ll,
1280 3563 1284 3568 .

148 3613 219 3699 17,
245 3613 312 3687 Ad
326 3591 580 3688 Maecenbiem
598 3609 809 3710 aegrotanti,
844 3611 999 3686 immani
1022 3609 1265 3726 parachroni-

147 3756 226 3806 smo
247 3731 295 3804 ad
313 3731 462 3806 Horatii
480 3755 616 3804 annum
633 3731 711 3806 LV.
735 3730 835 3804 ultra
851 3727 944 3804 libri
959 3730 1082 3828 quarti
1099 3744 1266 3832 tempora
1349 3736 1362 3766 ³

147 3849 343 3950 ablegant5
377 3849 544 3956 idque
519 3849 594 3924 levi
628 3863 665 3922 et
691 3845 795 3952 futili
823 3860 1057 3948 argumento,
1083 3847 1195 3946 quod
1221 3873 1266 3922 ec
1327 3899 1334 3944 ·.

147 3972 247 4040 enno
267 3969 441 4056 continua
459 3967 642 4042 insomnia
656 3966 786 4040 vexari
807 3954 968 4066 coeperit
985 3958 1177 4040 Maecenas
1195 3967 1269 4038 ιιι·
1296 4037 1301 4044 ,

145 4085 258 4158 eunio
289 4099 372 4158 ante
399 4077 501 4160 diem
526 4083 687 4160 fatalem
738 4081 853 4178 Quasi
886 4109 974 4157 vero
1003 4107 1077 4156 non
1100 4081 1185 4184 plus
1207 4109 1266 4158 sc-

144 4201 262 4278 mel
250 4229 291 4276 ιιι
324 4217 403 4278 tam
438 4204 556 4306 longa
574 4203 651 4277 vita
679 4201 942 4303 aegrotaverit,
986 4223 1096 4301 quem
1124 4199 1265 4274 Plinius
