3010 4846
562 4 602 21 .-

559 197 910 365 onntnuun'um.
932 295 976 364 u.
1009 275 1055 410 tq

235 445 277 512 35
300 443 473 526 Callidum¹
488 443 691 514 Promethea
721 503 723 512 .

111 530 113 540 '
191 565 194 577 ·
265 567 267 574 ·
383 529 551 612 Revexit,
574 553 657 600 auro
678 545 806 622 eaptus.
827 529 885 602 hio
906 534 1088 628 superbum

299 613 483 682 Tantalum
503 630 602 706 atqua
624 613 762 683 Tantali
835 663 868 692 t.

323 718 325 728 ¹
383 697 673 775 Genuscoe'rcett
694 697 752 768 hio
771 703 886 771 lavaro
905 701 1059 772 functum

290 783 366 852 ‘Pau
393 801 486 850 erem
506 784 692 866 laboribus,

233 869 279 936 40
367 809 531 940 pVocatus
552 885 655 962 atqua
672 873 745 940 non'
763 885 901 940 vocatus
923 867 1027 940 audit.

507 1116 581 1211 IN
637 1123 1015 1218 B-ACGHUM.

204 1263 207 1268 ·
294 1237 467 1322 Bacchum
484 1235 524 1306 in
543 1239 683 1310 rametis
705 1240 855 1332 earmina
873 1240 1016 1336 rupibus
1144 1295 1148 1302 .

294 1323 380 1394 Vidi
401 1325 579 1393 docentem
598 1325 743 1478 imffioe
763 1327 908 1420 posteri)

272 1469 279 1478 .
334 1411 577 1500 Nymphasque
622 1409 773 1494 iacentis,
797 1427 832 1480 et
852 1407 942 1480 auris

404 1493 631 1586 Gapripedum
652 1493 854 1586 Satyrorum
875 1512 998 1565 acutas.

251 1581 272 1646 5
293 1577 406 1654 Euoe!
427 1579 558 1646 recenti
578 1603 672 1646 mens
694 1581 842 1672 trepidat
861 1597 965 1664 metu,

237 1735 239 1741 s
292 1661 464 1754 Plenaque
485 1663 613 1732 Bacchi
629 1679 772 1789 pectore
793 1666 969 1753 turbidum

241 1765 258 1805 t
335 1748 507 1816 Laetatur.
532 1771 634 1816 euoe.
657 1773 771 1840 parce,
791 1747 910 1832 Liber,

400 1833 523 1915 Peroe,
545 1855 644 1926 gravi
663 1835 843 1924 metuendo
864 1837 998 1928 thyrso.

207 2002 280 2054 ηιίηα
296 2015 382 2068 terro5
401 2004 446 2055 Sic
463 2021 550 2055 amnes
566 2003 668 2054 animas
685 1999 758 2056 leem
774 2003 871 2074 occipit
887 2002 939 2068 tlte,
959 2021 1006 2056 nec
1021 2003 1072 2059 1ιὶἲί
1081 2005 1206 2059 Eximius
1220 2026 1255 2078 po
1275 1993 1318 2063 ulo

207 2083 263 2134 eat,
282 2064 413 2129 turbamve
430 2073 549 2122 accedere
564 2073 675 2125 sentit.“
718 2071 819 2126 Seneca
844 2073 923 2128 Herc.
951 2073 1014 2130 Fur.
1040 2093 1067 2127 v·
1094 2048 1154 2130 653.
1181 2075 1216 2128 de
1242 2025 1317 2142 liite,
1339 2120 1341 2138 .

207 2139 282 2204 „Fas
300 2157 372 2190 omne
387 2141 496 2205 mundi,
530 2151 604 2208 teque
628 2139 800 2190 dominantem
840 2160 912 2191 recor
928 2142 1021 2212 Regno
1045 2145 1171 2213 capaci.“
1205 2143 1317 2210 Verum,

207 2217 352 2276 utcumque
368 2207 434 2258 haee
451 2209 488 2260 sio
504 2210 566 2258 satis
583 2209 702 2289 speciosa
718 2210 788 2274 sint,
808 2209 813 2222 '
839 2217 959 2263 statuen
996 2211 1111 2280 opinor,
1129 2210 1252 2280 pluribus
1270 2229 1318 2263 ar-

206 2272 307 2326 ridebit
324 2286 351 2325 et
368 2273 521 2326 adlubescet
537 2275 636 2339 lectio,
669 2293 751 2344 quam
766 2287 819 2328 tres
837 2275 942 2328 codices
983 2278 1109 2346 nuquiani
1127 2289 1204 2329 etex
1221 2279 1318 2331 uostris

204 2339 425 2404 Zubcbemianus
442 2342 659 2404 subministrant,
695 2341 801 2404 „Nullo
823 2345 916 2392 certior
933 2353 1019 2392 tomen
1036 2345 1157 2412 Rapacis
1177 2343 1317 2398 Orci'sede

206 2407 428 2460 destinatu'Aula
444 2411 550 2468 disisam
566 2419 652 2458 monet
668 2409 797 2458 Herum.“
831 2410 859 2460 ld
880 2427 929 2474 ue,
946 2409 991 2461 vel
1006 2409 1043 2462 ob
1061 2425 1145 2462 unum
1162 2411 1239 2462 illum
1254 2413 1317 2478 Q

207 2477 254 2526 oili
270 2474 377 2540 losum,
403 2475 505 2558 Q,
524 2477 545 2540 l,
562 2473 589 2530 8.
623 2473 703 2540 „¹Ne,
736 2488 765 2526 ut
806 2429 919 2526 nondam
937 2477 1022 2527 atritis
1040 2480 1134 2528 studiis
1143 2477 1235 2548 funus
1251 2481 1318 2530 Divi

204 2542 270 2594 iulii
286 2545 449 2608 turbassent,
483 2545 696 2594 tta-Auvustum
720 2544 748 2593 in
790 2561 833 2594 oro
856 2545 945 2614 potius
963 2561 1042 2612 quom
1058 2545 1087 2595 ι’νι
1106 2547 1199 2616 Campo
1217 2545 1317 2598 Martis

204 2607 268 2660 sede
284 2609 414 2662 destinata
432 2610 540 2678 cremori
557 2583 683 2662 veilenes‘
718 2609 791 2685 Quin
816 2619 842 2661 et
867 2609 902 2660 ad
919 2609 972 2662 'has
997 2623 1085 2682 partes
1108 2611 1246 2672 vocandus
1266 2617 1317 2667 erit

159 2729 164 2735 ,
204 2675 331 2794 §2sz
350 2681 399 2748 qui
415 2677 450 2730 ad
466 2677 581 2729 Aeneid.
599 2677 647 2742 Vl,
666 2676 726 2742 152,
762 2677 891 2743 „Sedibus
916 2677 985 2728 bunc
1010 2677 1082 2749 refir
1106 2693 1168 2731 ante
1185 2683 1258 2746 suis,
1292 2695 1317 2734 et
1369 2707 1373 2715 ¹

205 2761 253 2794 con
302 2745 475 2814 sepulchro,“
493 2743 679 2813 Sepulchrum,
706 2745 759 2810 ait,
786 2745 857 2795 sedes
874 2757 992 2796 vocatur.
1037 2748 1185 2819 Horatiuss
1212 2747 1316 2813 „Nullo

204 2813 297 2861 certior
313 2823 398 2862 tomen
415 2814 519 2882 rapacis
537 2813 592 2864 orci
608 2811 664 2863 iine
681 2813 813 2862 destinato
824 2811 886 2863 aula
897 2814 1003 2864 divitem
1013 2827 1098 2864 manet
1110 2816 1229 2870 Ῑιετιιηι.“
1250 2817 1280 2866 V
1276 2817 1316 2868 ir-

231 2877 304 2943 'liue,
330 2880 827 2998 ΠΗ,,3.]1”Εὶηιιηοεενυαῖ1ιονιοε
844 2879 1029 2946 sedemtuus,
1063 2886 1174 2950 ossaque
1191 2885 1315 2934 nomen.“

200 2896 332 3018 &nemeis
350 2949 448 3000 enimi
472 2947 508 2996 ud
517 2948 579 3016 fine
589 2982 597 3010 ,
624 2945 698 3018 quod
714 2946 759 2999 hio
774 2945 865 3015 legis,¹
882 2965 971 3000 omnes
989 2949 1091 3018 ubique
1108 2949 1193 3001 Servii
1212 2949 1314 3002 editio-

203 3031 251 3066 nes
269 3013 424 3078 exhibeant,
442 3033 530 3083 neque
547 3032 618 3065 nuno
635 3013 712 3068 nobis
729 3013 841 3067 facultas
858 3013 936 3066 detur
952 3016 1118 3067 membranas
1141 3017 1313 3086 consulendi3

203 3081 260 3132 veri
277 3092 366 3132 tamen
383 3081 470 3132 simile
488 3093 542 3146 est,
578 3081 651 3150 quod
676 3091 703 3132 et
718 3081 864 3132 Lambinus
890 3082 991 3150 aliique
1006 3095 1068 3153 post
1083 3083 1170 3154 ipsum
1189 3085 1315 3136 animad-

203 3145 359 3212 verterunt,
389 3151 448 3198 sede
465 3151 597 3200 destinata
614 3147 717 3200 dedisse
735 3147 801 3201 olim
819 3148 1044 3216 Grammaticum3
1079 3168 1140 3202 oum
1158 3167 1189 3204 eo
1207 3155 1315 3206 nomiae

202 3215 285 3270 rerba
302 3214 435 3282 adducat,
470 3227 501 3266 ut
516 3213 686 3286 sepulchrum
708 3215 806 3286 probet
832 3217 916 3264 eedem
937 3215 1098 3298 appellari..
1131 3218 1233 3270 Verum
1258 3232 1314 3272 esto

203 3281 273 3348 boo,
292 3295 321 3334 ut
339 3285 451 3354 quisque
465 3281 553 3335 volet:
577 3280 648 3334 illud
664 3301 719 3335 non
736 3280 930 3346 omittendum,
955 3301 1011 3336 save
1028 3283 1106 3354 fine,
1131 3303 1179 3338 seu
1196 3287 1254 3338 aede
1270 3288 1314 3340 hio

203 3349 317 3420 legeris,
336 3353 444 3402 omniuo
463 3353 550 3421 aptius
565 3349 624 3410 fore
642 3351 779 3420 epitheton
796 3352 901 3418 capacis
919 3347 998 3416 Oroi,
1037 3369 1099 3403 uam
1115 3353 1229 3422 rapacis.

271 3421 297 3472 7.
315 3418 443 3486 Plenaque
458 3417 560 3470 Bocchi
572 3429 675 3486 pectore
700 3417 830 3467 turbidum
846 3419 985 3484 Laetatur]
1018 3369 1071 3472 Nir
1087 3437 1188 3473 summo
1206 3421 1314 3491 ingenio

170 3523 177 3548 ,
203 3481 275 3535 Dan.
294 3485 417 3548 Heinsius
433 3504 483 3554 pro
500 3487 629 3536 Laetatur
644 3481 781 3546 substituit
798 3487 862 3554 Lym
881 3485 972 3536 lotor:
990 3485 1073 3556 idque
1090 3487 1174 3552 adeo,
1202 3494 1265 3558 quia
1282 3486 1313 3542 τὸ

204 3565 273 3602 metu
289 3555 317 3604 in
335 3571 411 3604 versu
462 3551 605 3604 aecodoute
622 3553 831 3622 interpretatur,
840 3503 957 3622 fieren,
976 3553 1096 3618 insanio,
1123 3555 1312 3624 lympbationey

170 3670 178 3678 ,
205 3617 279 3686 quod
294 3630 322 3671 et
339 3572 461 3672 anteiii
1268 3643 1311 3674 er-

199 3703 313 3754 peram:
330 3703 394 3737 nam
412 3698 438 3738 et
455 3699 523 3738 annu
539 3687 598 3740 illio
616 3685 803 3804 accipiendum
819 3705 869 3758 pro
887 3689 993 3754 timore,
1011 3698 1038 3740 et
1053 3699 1126 3741 reete
1143 3690 1226 3742 habet
1241 3643 1311 3740 iiua-

450 3639 500 3678 unt¹
512 3619 576 3672 fecit
593 3621 759 3682 Torrentius,
778 3629 881 3690 etpost
897 3619 1047 3676 Dacierius.
1082 3623 1230 3693 Utrumque

203 3755 343 3819 satureiae
362 3751 468 3822 gaudet.
509 3755 568 3806 Hoc
587 3755 658 3806 euim
694 3756 752 3823 ngit
768 3755 911 3819 Horatius,
938 3771 981 3818 se,
1008 3771 1068 3807 oum
1085 3756 1153 3808 forta
1169 3759 1198 3808 in
1216 3755 1311 3808 abditis

203 3818 278 3870 silvis
295 3823 411 3872 carmina
428 3819 559 3872 meditans
574 3831 731 3889 vagaretur,
765 3821 889 3874 incidisse
911 3822 940 3872 in
956 3821 1091 3874 Bacchum
1108 3843 1166 3875 eunt
1186 3826 1310 3875 comitatu
1332 3871 1337 3881 ,

202 3884 389 3958 Nympharum
407 3899 434 3938 et
451 3886 626 3958 Satyrorum:
653 3906 688 3940 ex
704 3889 756 3940 hoo
780 3891 836 3940 viso
854 3906 882 3940 se
899 3899 926 3941 et
943 3887 1045 3941 laetitio
1061 3903 1087 3943 et
1104 3904 1171 3941 rnatu
1187 3889 1313 3944 affectum

203 3972 273 4006 esse:
292 3966 319 4006 et
335 3953 436 4006 laetitia
454 3955 580 4025 quidem,
606 3967 664 4005 tum
681 3958 745 4024 quia
761 3958 915 4036 propinquo
933 3959 989 4008 eius
1006 3961 1115 4008 numine
1131 3967 1219 4009 taetus
1235 3969 1311 4022 esset,

202 4033 261 4072 turn
279 4023 343 4092 quia
361 4025 475 4073 anticum
492 4023 542 4074 sibi
560 4023 649 4074 Deum
665 4023 692 4072 vi
716 4025 788 4074 'ssetz
806 4021 937 4092 siquidem
949 4025 1046 4076 Poiitae
1064 4036 1139 4076 eraut
1155 4025 1204 4076 sub
1220 4025 1312 4077 Liberi

203 4087 305 4141 tutela:
342 4100 373 4139 ut
401 4091 497 4142 Noster
514 4085 603 4142 Carm.
623 4089 644 4152 l,
662 4089 688 4142 1.
754 4107 813 4154 „me
840 4089 952 4140 «elidum
970 4105 1057 4142 nemus
1074 4092 1312 4162 Nympharumque

203 4155 270 4206 leues
295 4174 355 4207 crem
378 4154 482 4227 Satyris
506 4157 579 4207 ebori
603 4155 744 4206 Secernunt
766 4129 904 4226 populo&
922 4157 1008 4230 Epist.
1027 4159 1048 4222 l,
1067 4159 1109 4212 19.
1144 4161 1312 4228 „Adscripsit

203 4221 286 4278 Liber
311 4223 418 4294 Satyris
442 4224 591 4294 Faunisque
614 4226 746 4294 po'e'loa:“
779 4235 808 4278 et
823 4225 875 4298 Ep.
893 4223 925 4291 ll,
944 4231 970 4276 2.
1005 4225 1188 4345 ;,Ripe2ollens
1203 4227 1312 4308 nacolii,
